2287 3466
288 182 379 216 XIV
1034 168 1365 210 PREFAZIONE

373 313 433 347 Un
462 311 618 346 cronista
645 310 832 345 bizantino
860 308 1059 355 posteriore
1088 318 1108 342 a
1138 308 1251 341 Bonc.
1281 308 1300 342 ὲ
1329 306 1460 342 invece
1481 307 1616 341 Niceta
1635 307 1804 351 Coniate‚
1833 307 1900 343 che
1929 307 2045 342 scrive
2066 305 2103 339 in

285 390 374 425 gran
401 383 503 424 parte
532 377 567 410 di
597 377 775 410 memoria
803 388 822 410 e
852 374 974 422 quindi
1004 386 1073 409 con
1103 386 1148 407 un
1177 379 1279 408 certo
1308 371 1492 406 disordine
1522 373 1775 418 cronologico,
1805 384 1869 418 per
1898 373 1956 408 cui
1983 377 2105 415 tratta,

285 456 351 491 per
379 442 552 488 esempio,
582 441 815 475 dell'assedio
845 440 1041 475 d'Ancona
1070 438 1127 473 del
1173 437 1266 475 1173
1306 438 1404 484 dopo
1439 450 1526 472 aver
1564 438 1752 473 ricordato
1785 438 1818 473 la
1856 438 2036 484 prigionia
2075 438 2111 472 di

287 510 479 551 Cristiano,
508 508 574 542 che
603 509 622 541 ὲ
653 507 688 540 di
717 506 884 552 parecchi
914 506 996 540 anni
1025 506 1124 551 dopo
1141 502 1162 539 ¹.
1220 504 1301 549 Egli
1331 516 1492 539 accenna
1520 503 1820 550 all'accoglienza
1857 506 1923 540 che
1951 506 1963 538 i
1999 504 2108 538 messi

288 576 323 610 di
352 575 526 611 Manuele
555 580 755 608 trovarono
785 575 817 607 in
847 574 1018 615 Ancona,
1049 584 1119 606 con
1147 571 1182 606 la
1211 571 1267 605 cui
1297 571 1461 605 amicizia
1490 576 1672 616 poterono
1693 564 1871 605 ‘sottrarre
1900 570 1990 605 altre
2021 570 2109 605 citta
2168 571 2185 603 5

286 640 576 676 all'obbedienza
603 639 913 685 dell'imperatore
942 638 1208 682 d’Occidente3
1238 637 1320 671 dice
1346 648 1452 672 come
1481 636 1643 670 Ancona
1671 637 1810 671 venisse
1835 637 2014 672 assediata
2048 636 2105 669 dai

288 707 480 751 Tedeschi,
509 719 616 742 come
644 706 819 741 rifiutasse
849 705 883 739 di
914 716 1115 751 consegnar
1143 704 1224 738 loro
1252 704 1263 737 i
1301 704 1407 737 messi
1443 703 1543 747 greci
1573 714 1592 736 e
1630 702 1658 735 si
1699 701 1905 738 difendesse
1946 707 2109 737 strenua-

289 779 423 818 mente,
452 785 472 807 e
501 784 622 817 come,
650 778 761 807 avuta
789 772 1052 807 assicurazione
1086 770 1122 805 di
1160 781 1278 804 essere
1315 768 1566 803 indennizzata
1604 766 1729 813 d’ogni
1765 780 1870 814 spesa
1907 770 1944 804 di
1981 779 2110 814 guerra

287 840 332 875 da
360 839 545 883 Manuele,
575 839 794 873 deliberasse
833 838 868 873 di
905 839 1073 873 resistere
1110 837 1155 871 ad
1191 836 1275 882 ogni
1315 841 1421 870 costo
1461 835 1505 870 ed
1542 834 1650 868 infine
1688 835 1829 869 venisse
1862 847 2033 870 soccorsa
2063 835 2108 869 da

290 907 498 952 Guglielmo
525 903 795 952 [Marchesella]
823 916 842 938 e
871 905 918 939 da
946 915 1017 938 una
1046 903 1166 938 nobile
1196 915 1215 936 e
1244 903 1343 938 ricca
1371 903 1515 938 vedova
1542 898 1756 949 [Aldruda];
1785 900 1831 936 ed
1859 902 1991 936 inoltre
2011 902 2045 935 fa
2064 913 2111 935 un
2150 904 2188 934 10

291 974 398 1008 caldo
425 973 548 1018 elogio
577 971 674 1017 degli
703 971 939 1014 Anconitani,
968 975 1175 1015 temperato
1203 971 1358 1004 tuttavia
1396 970 1440 1004 da
1480 981 1525 1003 un
1561 980 1723 1002 accenno
1760 967 1829 1002 alla
1865 967 1945 1003 loro
1973 968 2110 1002 avidita

289 1040 326 1074 di
354 1039 501 1082 denaro,
522 1037 616 1072 dalla
634 1037 738 1084 quale
767 1037 926 1071 soltanto
955 1038 1022 1071 essi
1051 1036 1256 1071 avrebbero
1285 1042 1413 1082 potuto
1441 1047 1560 1070 essere
1589 1036 1695 1082 spinti
1724 1046 1744 1068 a
1774 1034 1926 1070 favorire
1954 1035 1966 1068 i
1995 1034 2108 1069 Greci

290 1111 417 1140 contro
446 1104 468 1138 il
507 1104 725 1138 Barbarossa
740 1101 763 1138 ².
820 1104 901 1137 Con
929 1109 1064 1150 quanto
1092 1103 1163 1147 egli
1193 1102 1286 1146 dice,
1315 1113 1335 1136 a
1374 1108 1474 1147 parte
1513 1101 1666 1136 l'ultirno
1696 1105 2000 1147 apprezzamento
2029 1111 2109 1146 per-

287 1171 422 1216 sonale,
452 1182 523 1204 non
553 1175 735 1205 contrasta
764 1170 889 1204 affatto
918 1169 941 1204 il
970 1176 1145 1204 racconto
1174 1169 1211 1203 di
1248 1170 1382 1203 Bonc.:
1419 1168 1566 1202 diverso
1595 1169 1615 1202 e
1642 1167 1801 1202 soltanto
1830 1167 1865 1200 lo
1893 1166 2021 1212 spirito
2050 1167 2109 1201 dei

288 1238 358 1272 due
386 1237 556 1274 scrittori.
2149 1236 2185 1267 15

376 1304 406 1337 E
434 1303 614 1349 passiamo
644 1302 713 1336 alle
743 1302 922 1337 cronache
952 1303 1162 1344 veneziane,
1191 1301 1258 1335 che
1286 1301 1450 1336 tendono
1480 1313 1500 1335 a
1537 1311 1700 1335 scemare
1738 1300 1991 1346 l’importanza
2028 1298 2105 1334 del-

288 1370 584 1412 l’avvenimento,
613 1368 771 1403 laddove
803 1381 874 1402 non
902 1368 1065 1403 alterano
1096 1367 1154 1401 del
1183 1371 1279 1402 tutto
1308 1367 1340 1402 la
1372 1367 1501 1410 verita,
1532 1379 1603 1401 non
1624 1366 1784 1402 volendo
1807 1367 2040 1400 riconoscere
2071 1366 2108 1400 lo

288 1448 419 1472 scacco
447 1435 565 1471 subito
594 1447 658 1481 per
685 1435 708 1469 il
739 1435 862 1469 valore
893 1435 989 1481 degli
1019 1435 1242 1469 Anconitani
1272 1446 1292 1468 e
1320 1433 1555 1468 l’intervento
1585 1433 1830 1469 dell'esercito
1853 1433 1888 1467 di
1917 1444 2105 1468 soccorso.

289 1503 433 1537 Alcune
463 1503 642 1537 cronache
671 1502 790 1536 hanno
809 1502 845 1535 in
867 1501 1055 1548 proposito
1075 1513 1120 1534 un
1141 1513 1259 1536 cenno
1279 1500 1506 1544 brevissimo,
1527 1500 1616 1535 altre
1637 1501 1665 1535 si
1686 1499 1902 1534 diffondono
1922 1500 2107 1547 alquantO,

288 1580 345 1603 ma
373 1575 464 1603 tutte
497 1574 660 1603 mettono
689 1569 724 1602 in
746 1568 873 1602 rilievo
892 1573 1111 1614 soprattutto
1134 1567 1313 1614 l'operato
1339 1567 1568 1601 dell’armata
1588 1567 1797 1601 veneziana.
1854 1566 1915 1600 Gli
1942 1565 2109 1600 Annales
2147 1569 2187 1599 20

298 1634 454 1669 Venetici
479 1634 598 1669 breves
627 1635 761 1669 dicono
787 1634 1108 1679 semplicemente:
1147 1634 1160 1650 “
1178 1634 1290 1668 Anno
1319 1634 1469 1668 Domini
1499 1633 1693 1668 millesimo
1723 1633 1922 1668 centesimo
1959 1638 2104 1678 septua-

291 1702 466 1747 “gesimo
496 1701 609 1736 tercio
637 1701 703 1735 ivit
733 1702 820 1735 ostis
848 1700 892 1734 de
922 1701 1085 1735 Venecia
1114 1712 1220 1747 super
1257 1701 1415 1735 Ancona
1435 1727 1448 1743 „
1468 1698 1480 1716 ³

1484 1727 1492 1743 ,
1527 1710 1634 1734 senza
1672 1711 1867 1734 nemmeno
1904 1709 2107 1733 accennare

288 1768 441 1802 all'esito
461 1767 554 1802 della
572 1767 791 1813 spedizione.
848 1767 1085 1801 Abbastanza
1115 1766 1241 1801 diffusa
1263 1767 1281 1800 ὲ
1302 1766 1430 1801 invece
1455 1765 1653 1800 l’Hz'storz'a
1674 1765 1819 1800 Ducum
1848 1765 2108 1808 Veneticorum,

288 1835 354 1868 che
383 1834 464 1868 dice
493 1833 680 1868 dell'aiuto
709 1833 838 1867 navale
869 1833 1006 1867 chiesto
1036 1833 1081 1868 da
1109 1833 1291 1867 Cristiano
1330 1832 1365 1866 di
1402 1833 1586 1877 Magonza
1622 1832 1655 1866 ai
1684 1832 1885 1867 Veneziani
1914 1843 1934 1865 e
1971 1830 2108 1866 dell’al-

288 1901 412 1935 leanza
440 1900 608 1945 stipulata
635 1905 689 1934 tra
717 1901 832 1946 questi
862 1911 881 1933 e
911 1899 1044 1947 quello,
1075 1899 1251 1934 dell'odio
1279 1908 1333 1933 tra
1362 1899 1562 1933 Veneziani
1583 1911 1602 1933 e
1622 1899 1855 1942 Anconitani,
1875 1897 2107 1932 dell'assedio
2146 1899 2186 1931 25

290 1972 395 2012 posto
422 1979 487 2012 per
515 1972 608 2001 terra
637 1977 656 1999 e
685 1978 748 2012 per
776 1978 874 2001 mare
904 1967 947 2001 ad
977 1966 1145 2010 Ancona,
1175 1965 1269 2000 delle
1298 1965 1432 2000 milizie
1461 1965 1621 2000 raccolte
1652 1965 1709 2000 dai
1746 1967 1759 1983 “
1778 1965 1977 1999 Lombardi
1998 1992 2012 2009 „
2039 1976 2109 1998 con

288 2033 381 2067 l'oro
410 2034 593 2067 bizantino
622 2044 641 2066 e
669 2032 778 2066 infine
808 2032 866 2067 del
895 2033 997 2066 ritiro
1026 2032 1252 2066 dell'armata
1272 2032 1467 2066 veneziana
1486 2032 1519 2065 ai
1540 2031 1643 2076 primi
1664 2032 1774 2077 rigori
1804 2031 2003 2066 invernali:
2034 2030 2109 2063 “In

295 2099 396 2133 “illis
425 2104 547 2134 autem
576 2098 714 2142 diebus,
745 2110 827 2132 cum
856 2098 1042 2145 predictus
1079 2098 1247 2132 dominus
1282 2109 1375 2144 papa
1413 2097 1625 2132 Alexander
1660 2097 1696 2131 in
1734 2097 1898 2132 confiniis
1936 2097 2105 2131 Romane

297 2165 310 2181 ‘⁴
328 2166 424 2199 urbis
452 2165 606 2203 sederet,
637 2165 783 2211 quidam
802 2165 1040 2210 Magontinus
1059 2164 1353 2210 archiepiscopus
1373 2165 1520 2197 nomine
1541 2163 1775 2207 Christianus,
1796 2174 1916 2209 quem,
1937 2169 1976 2197 ut
2003 2173 2108 2208 supra

295 2230 308 2247 “
326 2237 580 2273 memoratum,
609 2230 805 2265 Federicus
833 2232 1032 2276 imperator
1059 2230 1104 2264 ad
1133 2236 1254 2275 partes
1274 2229 1405 2264 Tuscie
1435 2235 1470 2263 et
1499 2230 1693 2275 Romagne
1722 2230 1879 2274 miserat,
1908 2229 2104 2263 Anconam
2140 2231 2187 2262 30

297 2297 310 2312 ‘³
329 2297 441 2332 voluit
468 2296 648 2340 obsidere,
678 2303 728 2339 ut,
755 2308 837 2331 cum
866 2296 937 2330 iam
966 2298 1208 2341 Romagnam,
1238 2296 1411 2330 Tusciam
1441 2302 1477 2330 et
1505 2295 1710 2330 Marchiam
1738 2296 2011 2330 Anconitanam
2039 2306 2104 2330 suo

294 2362 533 2407 “subiugaret
562 2362 735 2405 dominio,
758 2361 953 2397 Anconam
973 2374 1116 2409 quoque
1137 2361 1308 2396 Romano
1327 2362 1493 2396 subicere
1521 2361 1676 2408 imperio
1697 2362 1885 2397 niteretur.
1940 2360 2107 2396 Eundem

294 2429 308 2445 “
327 2441 459 2476 papam
487 2428 655 2472 vexabat,
685 2441 757 2462 non
784 2428 1000 2472 voluntarie,
1020 2434 1059 2462 ut
1080 2428 1202 2470 credo,
1223 2427 1287 2462 sed
1308 2428 1485 2462 mandatis
1504 2427 1556 2461 sui
1577 2428 1714 2462 domini
1743 2428 1977 2462 satisfaciens.
2034 2426 2107 2460 Sed

295 2496 308 2513 “
328 2507 409 2529 cum
428 2496 683 2530 Anconitanos
702 2495 801 2529 iuxta
821 2494 1039 2529 desiderium
1059 2505 1162 2529 suum
1182 2493 1368 2528 offendere
1390 2506 1460 2528 non
1481 2494 1668 2540 potuisset,
1684 2494 1858 2528 auxilium
1877 2494 2108 2529 Venetorum

296 2562 310 2578 ‘⁴
330 2562 426 2607 cepit
453 2562 520 2595 sibi
547 2561 893 2608 opportunissimum
923 2565 959 2595 et
986 2560 1142 2605 imperio
1162 2559 1334 2594 Romano
1357 2560 1583 2604 excogitare.
1631 2561 1869 2606 Quapropter
1888 2559 2041 2593 nuncios
2061 2559 2107 2594 ad
2145 2562 2185 2594 35

296 2628 310 2644 ‘⁴
328 2624 484 2662 ducem⁴
512 2627 618 2667 misit,
649 2632 685 2661 et
711 2627 807 2661 facta
837 2638 919 2660 cum
948 2638 994 2661 eo
1022 2626 1202 2670 amicicia,
1234 2626 1372 2671 phedus
1402 2627 1596 2671 contraxit,
1626 2633 1663 2660 ut
1692 2638 1774 2661 curn
1796 2626 1948 2661 Venetis
1976 2626 2105 2660 Anco-

290 2781 416 2804 Meineke
436 2782 465 2804 in
488 2782 588 2811 Corpus
605 2781 710 2810 scripti.
728 2781 854 2804 historiae
873 2781 1034 2812 byzuntinae,
1049 2781 1173 2808 Bonnae‚
1314 2779 1323 2794 ²
1347 2781 1413 2804 Cito
1435 2781 1460 2804 la
1480 2780 1568 2804 storia
1589 2780 1617 2803 dl
1637 2780 1752 2803 N1CETA
1778 2780 1899 2803 secondo
1924 2779 1945 2802 il
1971 2780 2042 2802 testo
2062 2778 2106 2802 del

293 2822 366 2854 1836,
386 2830 432 2855 pp.
454 2830 501 2855 170
522 2830 536 2846 e
555 2822 645 2854 288-9.
1226 2823 1331 2846 Bekker
1352 2823 1395 2845 nel
1419 2824 1518 2852 Corpus
1538 2823 1595 2851 cit„
1616 2822 1737 2851 Bonnae,
1761 2821 1834 2852 1835,
1854 2829 1900 2852 pp.
1921 2820 2008 2851 262-4.

380 2864 431 2888 ¹H.
445 2870 505 2888 VON
519 2864 677 2894 KAP-HERR,
693 2864 744 2888 Die
759 2865 976 2888 abcndliindische
991 2864 1091 2888 Politik
1105 2864 1170 2887 Kai<
1313 2863 1323 2878 3
1342 2865 1408 2889 Arm.
1437 2865 1522 2887 I'enet.
1548 2864 1649 2893 breves,
1678 2864 1707 2886 in
1735 2864 1808 2887 i’llon.
1833 2863 1923 2887 Germ.
1945 2863 2026 2891 Hist„
2046 2863 2104 2894 SS.‚

289 2915 332 2930 ser
351 2908 474 2931 Manuels
494 2907 540 2930 mit
558 2907 712 2930 besonderer
740 2907 882 2930 Riicksicht
907 2907 961 2937 ans
981 2907 1170 2933 Deutsclnland,
1225 2906 1298 2935 XIV,
1318 2913 1344 2937 p.
1369 2911 1410 2936 72.

248 2955 260 2979 5
289 2948 459 2979 Strassburg,
478 2948 613 2978 Triibner,
636 2947 710 2975 1881,
731 2956 776 2980 pp.
802 2955 846 2971 12:
868 2956 881 2971 e
902 2947 990 2979 262-3.
1312 2946 1321 2961 ⁴
1342 2946 1413 2971 Cloe
1431 2947 1456 2970 al
1477 2947 1547 2977 doge
1567 2946 1731 2970 Sebastiano
1751 2947 1844 2970 Ziani.
2137 2953 2169 2970 10
