2287 3466
274 841 306 859 10

275 1052 303 1077 15

273 1261 306 1278 20

274 1472 304 1497 ²5

273 1681 309 1705 30

274 1894 306 1919 35

277 2104 310 2129 40

278 2315 310 2340 45

281 2523 313 2548 50

282 2735 313 2761 55

283 2937 317 2960 (ιο

421 418 442 435 1.
461 410 536 441 quod
555 409 639 433 Italia
659 418 706 434 om.
731 409 753 432 C
769 410 804 434 ed
821 410 858 433 M

423 497 430 512 ¹
452 498 464 510 ‘¹
475 497 547 521 Nam
562 499 684 529 oppinio
704 506 746 521 me
761 499 789 521 in
810 498 882 522 hanc
897 498 986 522 trahit
1000 498 1192 522 sententiam..
1203 514 1222 522 ..

335 540 347 552 ‘¹
360 541 405 564 sed
426 540 543 564 domina
557 541 771 571 provinciarum
783 549 810 571 „z
825 541 854 563 in
870 542 966 571 queste
980 540 1077 572 parole
1091 540 1120 564 di
1134 540 1221 564 Bone.

333 581 346 605 ὲ
367 583 387 606 11
408 582 560 606 medes‘imo
581 583 754 606 sentimento
769 582 796 606 di
813 582 919 613 sdegno
933 582 962 606 di
976 583 1156 611 Placentino,
1171 583 1221 606 che

334 633 420 648 aveva
440 624 603 655 qualificato
619 624 631 637 ‘¹
644 625 825 655 miserabili„
847 626 853 647 i
875 627 990 655 quattro
1013 624 1123 649 dottori
1145 625 1219 649 dello

333 666 437 690 Studio
457 667 486 690 di
507 666 647 698 Bologna,
669 667 697 689 in
718 668 825 697 quanto
846 667 891 690 col
911 673 1048 698 responso
1074 667 1142 691 dato
1162 667 1221 691 alla

333 708 409 732 dieta
430 708 457 732 di
478 708 638 739 Roncaglia
658 708 703 732 del
725 707 791 739 1158
817 709 847 732 in
870 716 951 732 senso
979 709 1146 733 favorevole
1166 709 1221 733 alle

333 752 441 782 pretese
460 751 503 775 del
525 751 695 775 Barbarossa
716 758 843 775 avevano
864 751 1042 775 contribuito
1063 759 1077 775 a
1104 751 1220 775 rendere

332 793 486 817 tributaria
504 793 676 824 quell'Italia
687 793 737 817 che
752 801 808 817 non
829 794 948 817 avrebbe
962 793 1071 817 dovuto
1086 791 1134 825 gia
1147 801 1221 818 esser

332 835 492 866 provincia,
513 842 558 858 ma
578 835 700 858 “donna
719 834 748 858 di
769 836 918 866 provincie
929 853 953 865 „.
990 835 1096 859 Scrisse
1116 835 1217 859 infatti

332 876 515 900 Piacentino:
538 876 549 888 “
561 876 593 900 In
614 884 721 900 summa
736 877 807 900 illud
823 877 975 900 tenendum
994 878 1068 908 quod
1084 877 1176 907 Italia⁷
1191 879 1222 901 ut

335 917 347 930 ‘¹
359 919 552 951 privilegiata,
574 926 631 942 non
652 919 733 942 debet
748 919 868 943 tributa:
889 920 954 942 huic
969 920 1126 943 sententiae
1139 927 1221 951 argu-

335 961 483 984 “mentum
512 961 626 993 praebet
652 960 791 992 quidquid
811 962 842 984 in
868 962 1035 992 Digestis
1063 962 1112 985 sub
1132 962 1221 984 titulo

335 1001 398 1025 “de
427 1003 591 1026 censibus
624 1002 740 1034 [Corpus
771 1003 851 1032 Iuris,
882 1003 1002 1034 Digest..
1022 1003 1039 1026 l.
1061 1003 1091 1033 L,
1111 1005 1158 1027 tit.
1180 1001 1222 1034 15]

333 1044 345 1056 “
359 1044 473 1076 legitur.
510 1044 563 1068 Sed
585 1052 633 1068 nec
654 1044 725 1068 illud
747 1045 871 1068 obstabit
891 1045 967 1075 quod
989 1045 1073 1076 impie
1088 1046 1115 1068 et
1130 1045 1220 1068 salsis-

334 1086 347 1099 “
358 1086 427 1109 sime
447 1088 474 1110 et
493 1088 593 1110 contra
614 1087 746 1118 proprias
761 1088 954 1110 conscientias
965 1095 979 1110 a
994 1087 1105 1110 miseris
1125 1087 1218 1110 Bono-

335 1128 347 1139 “
360 1128 506 1152 niensibus
521 1128 668 1152 Friderico
684 1129 849 1159 imperatori
865 1129 1029 1152 Placentiae
1043 1136 1155 1152 suasum
1169 1131 1219 1157 est,

335 1169 348 1181 “
361 1170 474 1194 Italiam
495 1171 599 1194 saetam
619 1178 678 1194 esse
698 1171 879 1194 tributariam
892 1189 904 1201 „
926 1171 988 1201 (lxm,
1003 1172 1110 1195 Summa
1124 1172 1150 1194 in
1165 1175 1222 1194 tres

334 1213 424 1243 libros,
440 1213 480 1236 de
500 1221 514 1237 a
525 1221 541 1236 n
552 1221 567 1236 n
578 1221 593 1236 o
604 1221 618 1236 n
633 1215 671 1241 is,
694 1214 756 1237 Cod.
776 1213 810 1242 X,
832 1213 876 1241 16:
898 1213 933 1236 cs.
949 1212 981 1236 G.
995 1213 1141 1243 BLONDEL,
1157 1206 1222 1237 Etu—

332 1255 377 1278 des
396 1264 441 1279 sur
461 1257 499 1279 les
519 1256 604 1279 droits
625 1256 763 1287 re'galiens
783 1259 810 1279 et
829 1257 855 1278 la
875 1256 1043 1279 constitution
1063 1256 1095 1279 de
1116 1257 1222 1279 Ronca-

329 1297 402 1328 glz'a,
422 1297 452 1320 in
469 1298 612 1329 Me'langes
632 1298 706 1321 Paul
725 1298 821 1325 Fabre,
840 1296 928 1326 Paris,
950 1296 1060 1326 Picard,
1083 1303 1158 1328 1902,
1174 1304 1221 1329 pp.

334 1339 429 1370 247-85
450 1338 480 1362 Β.
494 1339 597 1366 BRUGI.
612 1340 651 1363 Le
665 1339 782 1362 dottrine
798 1339 926 1369 politiche
940 1339 985 1362 dei
1000 1339 1161 1367 Glossatom',
1175 1339 1220 1362 nel

333 1389 382 1404 suo
403 1381 460 1404 vol.
481 1381 536 1404 Per
555 1382 583 1404 la
602 1381 687 1404 storia
703 1382 780 1414 ⁴della
796 1381 1029 1412 giurisprudenza
1044 1390 1056 1403 e
1071 1381 1140 1404 delle
1160 1381 1222 1405 Uni-

334 1423 436 1446 versit&
456 1423 577 1450 italiane,
596 1422 716 1451 Torino,
736 1422 881 1449 U.T.E.T.,
906 1428 980 1453 1915,
1002 1430 1025 1453 p.
1046 1429 1078 1453 43
1103 1430 1116 1445 e
1140 1430 1165 1445 n.
1186 1422 1222 1452 ὁ).

333 1464 398 1493 Ora,
418 1472 446 1488 se
467 1465 550 1488 Bone.
571 1463 626 1497 pub
651 1471 718 1488 aver
744 1467 831 1488 avuto
861 1467 998 1497 presente,
1028 1464 1116 1488 com’e
1142 1466 1222 1496 quasi

333 1508 436 1535 sicuro,
456 1509 555 1537 questo
576 1508 664 1538 luogo
679 1506 708 1530 di
723 1507 892 1530 Piacentino
908 1514 955 1538 per
969 1510 1076 1537 quanto
1090 1507 1222 1538 riguarda

333 1549 553 1573 l'affermazione
581 1549 594 1561 Α(
606 1556 663 1572 non
684 1549 793 1572 credam
825 1548 937 1572 Italiam
949 1566 954 1572 .
968 1568 974 1573 .
986 1566 991 1571 .
1003 1565 1010 1572 .
1041 1549 1222 1572 tributariam

333 1592 345 1603 ‘¹
359 1591 444 1614 alicui
459 1609 481 1622 η,
501 1592 525 1613 ci
547 1590 700 1614 dobbiamo
722 1590 769 1621 poi
782 1590 913 1614 chiedere
927 1591 976 1613 che
990 1597 1054 1613 cosa
1069 1590 1153 1614 abbia
1167 1590 1223 1622 egli

336 1634 428 1656 inteso
448 1633 509 1656 dire
523 1640 575 1656 con
588 1632 786 1664 l'espressione
801 1633 960 1656 successiva
984 1632 1037 1655 “in
1052 1633 1161 1663 legibus
1175 1633 1223 1656 ha-

337 1676 441 1699 “betur
454 1693 474 1705 „‚
495 1683 508 1699 e
528 1674 589 1699 cio·e
610 1677 638 1698 in
660 1676 725 1706 qual
746 1677 836 1707 punto
851 1675 895 1698 del
914 1676 1014 1705 Corpus
1036 1676 1108 1699 luris
1128 1677 1168 1699 sia
1181 1675 1223 1699 di-

332 1719 462 1742 chiarato
482 1718 532 1742 che
546 1718 650 1742 l’Italia
666 1726 722 1742 non
738 1717 751 1741 ὲ
766 1718 928 1749 provincia,
943 1726 986 1741 nia
1003 1718 1015 1730 ‘⁴
1029 1718 1143 1742 domina
1158 1726 1222 1750 pro-

336 1759 348 1771 “
362 1761 522 1784 vinciarum
533 1778 557 1792 „.
595 1758 650 1783 Gia
665 1760 686 1783 il
699 1758 826 1791 Gaspary
841 1759 945 1791 (Storia
960 1761 1032 1784 della
1048 1762 1137 1785 letter.
1154 1761 1224 1789 ital.‚

335 1803 405 1826 trad.
420 1802 586 1833 Zingarelli,
601 1802 620 1831 Ι1
635 1802 754 1830 Torino,
773 1802 845 1831 1887,
857 1809 901 1833 pp.
914 1800 1012 1834 416-7),
1028 1802 1136 1829 scrisse,
1150 1802 1223 1825 sulla

336 1845 397 1868 fede
416 1845 443 1868 di
467 1843 528 1867 “un
550 1844 663 1875 insigne
683 1845 803 1875 giur1sta
817 1862 839 1874 „,
861 1844 910 1867 che
931 1845 974 1867 nel
992 1845 1103 1874 Corpus,
1124 1842 1137 1856 ⁸
1151 1845 1223 1867 dove

337 1887 381 1910 “si
404 1886 517 1909 sarebbe
536 1886 671 1909 inclinati
692 1893 706 1909 a
728 1886 851 1909 cervarla
862 1902 882 1915 „,
904 1886 929 1908 la
945 1888 1077 1909 sentenza
1093 1886 1119 1909 di
1138 1887 1224 1909 Bone.

336 1936 391 1952 non
413 1929 436 1951 si
456 1930 546 1951 trova.
585 1926 625 1951 Ne
645 1934 678 1951 ve
698 1928 724 1951 la
745 1927 829 1951 trovo
850 1926 885 1953 G.
904 1928 1061 1951 Sichirollo
1085 1928 1221 1958 (L'Italia

338 1971 350 1983 ⁴¹
361 1972 446 1994 donna
466 1971 496 1993 di
510 1970 653 2000 provincie
665 1988 688 2001 „,
718 1978 751 1992 ne
782 1970 821 1993 La
850 1970 1037 1994 Scintilla
1065 1969 1223 2001 [Venezia],

337 2014 369 2042 V,
385 2011 424 2037 n.⁰
438 2019 484 2043 23:
506 2012 606 2036 rifatto
622 2012 666 2035 nel
683 2012 739 2036 vol.
754 2012 797 2035 del
812 2013 974 2042 medcsimo,
995 2012 1076 2036 Studi
1088 2013 1158 2036 sulla
1174 2012 1224 2036 Di-

338 2055 400 2079 vina
423 2054 581 2081 Commedia,
602 2053 725 2085 Rovig0‚
744 2055 795 2085 tip.
819 2054 961 2083 vianeno,
979 2052 1054 2084 1897,
1074 2061 1119 2086 pp.
1141 2053 1224 2085 5·23)÷

337 2098 357 2120 il
378 2097 459 2128 quale
486 2096 609 2120 credette
638 2097 794 2120 ritrovarla
826 2097 924 2120 invece
945 2098 972 2119 in
998 2103 1053 2120 una
1080 2096 1175 2126 glossa
1195 2096 1224 2119 di

338 2140 463 2163 Accorso
484 2139 539 2162 alle
555 2140 697 2168 Novellae,
718 2138 816 2166 LXIX,
832 2145 858 2162 2:
882 2139 894 2151 ‘⁴
906 2139 937 2162 In
952 2139 1112 2169 provincia,
1128 2139 1155 2161 in
1171 2145 1225 2168 qua

338 2182 503 2212 “obligatio
523 2182 669 2204 contracta
689 2182 748 2204 est.
762 2199 766 2204 .
779 2196 802 2204 ..
840 2180 893 2204 Sed
912 2180 978 2211 quid
1002 2181 1029 2203 in
1051 2180 1152 2203 Italia?
1171 2179 1225 2203 Re-

338 2223 516 2255 “spondetur
537 2223 626 2246 idem:
648 2223 715 2246 licet
730 2230 786 2246 non
809 2223 845 2246 sit
866 2223 1025 2255 provincia,
1045 2223 1092 2245 sed
1107 2222 1224 2253 provin-

341 2265 470 2288 “ciarum
490 2265 607 2287 domina
619 2282 631 2293 „
648 2264 809 2294 (Accnnsm
827 2265 855 2287 in
877 2263 1092 2287 Anthenticorum
1105 2263 1224 2287 collatio

337 2308 445 2338 quinta,
464 2306 566 2330 titulus
587 2306 646 2335 XX,
675 2307 770 2337 glossa
802 2307 813 2319 “
827 2308 855 2330 in
876 2304 1073 2337 provlncia„).
1112 2306 1157 2329 Ma
1172 2305 1225 2328 Ac-

336 2357 427 2373 corso*
448 2347 551 2371 bench&
571 2349 595 2371 si
616 2355 698 2380 possa
724 2348 785 2372 dire
809 2351 1052 2380 contemporaneo
1080 2349 1106 2371 di
1128 2348 1225 2376 Bonc.,

340 2398 443 2422 uaeque
461 2398 475 2413 e
496 2390 566 2413 morl
588 2398 655 2421 pure
674 2390 792 2421 qualche
811 2398 888 2414 anno
909 2391 984 2422 dopo
1004 2390 1098 2419 dilui,
1119 2391 1225 2413 mentre

339 2434 432 2461 Bonc.,
452 2439 530 2456 come
549 2433 625 2455 tutto
648 2432 674 2455 fa
695 2432 816 2461 credere,
835 2432 956 2455 avrebbe
977 2432 1079 2455 scritto
1100 2431 1121 2454 il
1142 2431 1226 2454 Liber

338 2475 369 2497 de
389 2475 469 2498 obsid.
490 2474 555 2499 Αηε.
570 2474 614 2497 nel
640 2480 702 2497 1201
725 2475 799 2497 eirca
819 2472 866 2506 (cf.
880 2474 908 2497 la
928 2475 984 2497 mia
1004 2473 1178 2505 prefazione,
1199 2481 1225 2504 p.

338 2520 431 2546 xX1V)‚
444 2524 458 2539 e
472 2516 573 2547 quindl
587 2516 679 2548 prima
694 2515 767 2539 della
783 2516 878 2547 glossa
893 2516 920 2539 di
939 2516 1071 2540 Accorso.
1110 2506 1130 2538 E
1145 2516 1225 2546 quin-

340 2560 369 2582 ‹li
389 2557 437 2590 pii:
457 2559 603 2591 probabile
623 2559 672 2582 che
686 2559 727 2582 sia
742 2558 828 2584 Bone.
842 2559 872 2582 in
887 2560 986 2589 questo
999 2565 1081 2589 passo
1102 2558 1183 2581 fonte
1197 2558 1226 2580 di

341 2603 475 2629 Accorso,
500 2599 614 2624 anziche
644 2601 796 2629 viceversa,
817 2608 844 2624 se
865 2607 932 2632 pure
953 2601 962 2624 i
989 2600 1042 2623 due
1066 2601 1141 2632 passi
1169 2607 1225 2623 non

340 2650 411 2666 sono
426 2642 469 2667 del
490 2644 566 2666 tutto
586 2644 628 2666 tra
642 2643 706 2666 loro
721 2642 933 2674 indlpendenti.
969 2643 1164 2666 Sicuramente
1177 2642 1227 2674 poi

342 2685 428 2708 Bone.
447 2685 513 2708 ebbe
534 2685 621 2708 anche
642 2686 688 2715 qui
709 2686 838 2717 presente
852 2685 873 2708 il
889 2692 971 2716 passo
986 2684 1094 2708 biblico
1110 2683 1227 2716 (Imm.

342 2728 473 2755 Lament.‚
492 2727 512 2753 1.
536 2727 576 2756 1):
598 2727 610 2739 ‘¹
623 2743 684 2751 ....
705 2727 779 2750 facta
800 2728 841 2750 est
860 2728 940 2758 quasi
964 2727 1048 2750 vidua
1077 2726 1226 2750 domina

344 2769 509 2800 “gentium:
524 2770 655 2800 princeps
675 2776 712 2800 pr
724 2776 763 2792 ov
775 2770 808 2793 in
821 2770 954 2792 ciarum
978 2769 1075 2792 faeta
1094 2776 1108 2791 e
1120 2771 1149 2792 st
1163 2769 1226 2791 sub

344 2812 542 2842 “tributo„.
580 2810 688 2839 Questo
719 2814 850 2835 concetto
876 2812 1151 2844 dell’indipendenza
1171 2811 1226 2835 del·

343 2854 447 2878 l'ltalla
480 2854 614 2885 riguardo
656 2853 714 2877 alla
745 2853 757 2865 ¹⁴
770 2856 890 2878 servitus
902 2872 914 2884 ‚,
947 2855 979 2877 ed
1010 2854 1036 2877 ai
1070 2854 1083 2866 “
1095 2854 1225 2883 tributa„

343 2903 465 2926 espresse
491 2896 577 2920 Bonc.
603 2896 690 2919 anche
717 2895 791 2919 nella
818 2896 914 2919 Palma
940 2893 994 2927 (ed.
1020 2895 1078 2924 cit.,
1104 2903 1129 2926 p.
1154 2894 1225 2926 118):

345 2938 357 2950 “
370 2954 376 2961 .
389 2957 393 2960 .
406 2957 411 2962 .
424 2955 429 2961 .
449 2945 510 2961 cuin
531 2937 591 2960 sola
611 2937 695 2960 Italia
716 2937 790 2960 inter
810 2939 925 2961 cunctas
944 2938 1040 2961 mundi
1062 2937 1225 2968 provincias

1053 162 1443 200 BONCOMPAGNI

1996 171 2047 206 [A.
2068 172 2160 207 1173]

1277 497 1289 510 “
1306 498 1423 529 speciali
1436 498 1558 530 gaudeat
1572 498 1729 531 privilegio
1743 498 1885 524 libertatis
1898 518 1921 532 „‚
1934 507 1949 524 e
1963 500 2161 525 nell’Amicitia

1276 537 1313 571 (p.
1333 539 1390 571 87):
1412 539 1531 564 “Turba
1551 540 1666 571 quidem
1695 540 1794 565 italica
1814 549 1871 565 non
1890 543 1985 573 potest
2011 550 2060 566 nec
2080 542 2161 566 debet

1275 583 1288 596 ‘⁴
1300 582 1396 606 vivere
1416 582 1465 605 sub
1486 582 1603 611 tributo,
1624 582 1691 613 qula
1709 582 1826 607 libertas
1840 584 1869 607 in
1884 583 1968 608 Italia
1979 584 2069 608 sedem
2084 585 2163 616 prin-

1279 624 1292 636 “
1305 624 1425 656 cipalem
1446 624 1532 656 elegit
1545 642 1559 655 „
1578 624 1671 655 (passo
1686 625 1734 648 cit.
1748 625 1836 649 anche
1850 625 1896 649 dal
1910 625 2035 654 Surum,
2048 630 2088 656 op.
2108 627 2162 654 cit..

1278 674 1302 697 p.
1323 674 1346 698 5,
1366 667 1415 690 che
1435 667 1477 690 ivi
1497 667 1554 690 cita
1574 666 1693 690 lnoltre:
1715 666 1781 691 ³...
1794 683 1802 691 .
1821 669 1848 690 et
1869 667 1928 691 ilus
1950 667 2018 699 [scia
2036 667 2160 700 Italicis]

1278 708 1431 732 “universe
1451 709 1601 740 provincie
1621 709 1698 732 orbis
1719 709 1819 732 merito
1844 710 1956 733 subesse
1984 712 2117 734 tenentur
2127 711 2162 741 η).

1275 751 1339 775 Non
1361 752 1397 774 mi
1419 751 1528 774 sembra
1547 751 1674 775 tuttavia
1688 751 1738 774 che
1750 758 1804 774 con
1818 753 1914 782 queste
1932 753 2103 784 espressioni
2116 760 2161 784 ge-

1277 793 1390 816 neriche
1405 793 1449 816 del
1471 793 1553 817 Liber
1572 793 1604 816 de
1624 793 1706 818 obsid.
1725 792 1750 823 (e
1770 800 1916 817 nemmeno
1936 801 1989 817 con
2009 794 2102 826 quelle
2115 794 2161 817 de-

1275 834 1316 866 gli
1335 835 1403 858 altri
1423 836 1497 866 passi
1519 842 1599 866 sopra
1620 835 1712 862 citati)
1734 835 1834 866 voglia
1851 835 1937 860 Bone.
1956 836 2084 860 alludere
2103 843 2161 868 spe-

1276 877 1479 901 cificatamente
1499 877 1525 900 ai
1546 877 1681 900 tentativi
1695 876 1726 900 di
1739 875 1889 901 Cristiano
1903 877 1932 901 dl
1946 877 2097 910 Magonza.
2115 885 2163 910 per

1276 921 1427 944 costituire
1445 926 1500 942 una
1520 919 1582 951 lega
1601 921 1720 943 toscana
1739 919 1773 943 da
1792 921 1996 951 contrapporre
2015 920 2073 944 alla
2083 920 2161 952 Lega

1275 961 1445 991 Lombarda,
1458 969 1471 984 e
1482 961 1539 985 alla
1553 961 1690 985 condotta
1705 962 1749 985 del
1762 968 1884 985 vescovo
1898 962 1927 986 di
1941 962 2079 986 Mantova
2089 960 2163 985 Gaz-

1275 1004 1397 1027 zedonio
1417 1011 1433 1027 o
1453 1001 1662 1031 Garsendonlo,
1689 1004 1802 1035 espulso
1829 1004 1874 1027 dai
1895 1004 2064 1028 Mantovani
2085 1010 2162 1028 come

1276 1046 1388 1070 tedesco
1402 1053 1416 1070 e
1436 1046 1599 1069 scismatico
1620 1044 1664 1076 (R.
1685 1044 1818 1075 QUAZZA,
1838 1047 1970 1070 Manto-va
1984 1050 2139 1070 altra-verso
2154 1047 2165 1070 i

1275 1089 1363 1115 secoli,
1383 1088 1527 1117 Mantova,
1547 1088 1599 1119 tip.
1619 1087 1687 1112 edit.
1707 1087 1740 1111 de
1762 1087 1826 1112 “La
1846 1088 1922 1112 Voce
1942 1087 1970 1112 di
1991 1088 2126 1112 Mantova
2139 1106 2163 1119 „,

1279 1137 1353 1161 1933,
1373 1137 1418 1161 pp.
1438 1130 1523 1161 31-4),
1538 1137 1616 1153 come
1636 1129 1774 1154 vorrebbe
1787 1129 1940 1154 senz'altro
1962 1131 1981 1153 il
2001 1130 2163 1160 Runmnu,

1276 1172 1314 1195 Le
1334 1172 1512 1202 cospirazioni
1531 1172 1671 1202 imperiali
1689 1172 1720 1196 di
1739 1172 1884 1203 Romagna
1905 1181 1918 1195 e
1938 1173 2055 1196 Tuscana
2074 1176 2163 1196 contro

1276 1215 1303 1237 la
1323 1214 1401 1244 Lega
1418 1213 1578 1243 Lomharda,
1593 1214 1620 1236 in
1641 1213 1742 1237 Arch.
1762 1215 1848 1238 stor.
1867 1214 2133 1246 marchigiano‚
2152 1213 2164 1237 1

1276 1254 1422 1286 (1879-801,
1445 1263 1469 1287 p.
1493 1262 1549 1287 133.
1589 1254 1717 1280 Checche
1731 1256 1772 1279 sia
1787 1256 1815 1279 di
1830 1253 1884 1286 cio,
1900 1255 2014 1280 l'inclso
2029 1256 2056 1279 di
2079 1257 2163 1280 Bone.

1279 1298 1331 1321 “in
1352 1297 1460 1329 legibus
1487 1298 1627 1327 habetur„
1649 1299 1674 1322 si
1699 1298 1834 1329 potrebbe
1859 1298 1978 1326 riserire,
2003 1305 2060 1322 una
2086 1298 2164 1322 volta

1275 1340 1384 1363 escluso
1407 1340 1426 1363 il
1448 1341 1558 1370 Carpus,
1578 1340 1632 1363 alle
1651 1340 1753 1371 glosse,
1773 1339 1878 1364 benche
1898 1341 1939 1364 sia
1959 1342 2026 1364 nota
2046 1340 2163 1364 l'avver-

1276 1383 1357 1406 sione
1370 1383 1398 1406 di
1419 1383 1457 1406 lui
1480 1383 1522 1413 pei
1538 1383 1692 1413 glossatori
1707 1382 1756 1413 (cf.
1769 1383 1796 1406 la
1810 1382 1896 1414 lunga
1911 1384 2054 1407 invettiva
2073 1383 2102 1406 di
2123 1383 2165 1407 lui

1277 1425 1352 1448 nella
1373 1425 1451 1448 Rhet.
1470 1425 1575 1452 noviss.⁸
1595 1425 1638 1448 ed.
1665 1424 1812 1448 Gaudenzi
1838 1426 1895 1455 cit.,
1914 1433 1960 1457 pp.
1981 1431 2077 1456 291-33
2098 1433 2111 1449 e
2130 1425 2164 1449 N.

1276 1467 1438 1495 Tamassm,
1463 1467 1609 1497 Odofredo,
1628 1467 1659 1491 in
1673 1467 1754 1491 Atti
1775 1474 1790 1490 e
1808 1467 1907 1491 Mem.
1928 1475 1983 1492 ecc.
1996 1466 2164 1492 diRoma-

1276 1517 1360 1541 gna,
1380 1509 1432 1532 XII
1451 1508 1604 1541 [1893-94]‚
1624 1517 1650 1542 p.
1672 1515 1695 1539 7,
1716 1517 1732 1541 9
1757 1516 1772 1533 e
1797 1508 1851 1542 20),
1876 1516 1890 1533 e
1916 1510 2166 1542 particolarmente

1278 1551 1334 1574 alla
1353 1551 1447 1582 glossa
1467 1552 1554 1574 citata
1575 1551 1603 1574 di
1624 1552 1758 1581 Accorso,
1778 1559 1806 1575 se
1825 1559 1885 1575 essa
1905 1559 1962 1575 non
1985 1552 2068 1581 fosse.
2088 1559 2166 1576 come

1278 1593 1408 1617 abbiamo
1427 1593 1542 1623 veduto,
1563 1593 1730 1625 posteriore.

1365 1636 1490 1659 Accorso
1510 1637 1557 1667 poi
1579 1644 1595 1659 0
1614 1636 1710 1664 Bone„
1729 1643 1758 1660 se
1778 1644 1835 1660 non
1856 1637 1924 1661 tutti
1944 1645 1958 1660 e
1978 1637 2039 1667 due,
2053 1637 2165 1661 devono

1279 1685 1343 1701 aver
1362 1679 1508 1710 suggerito
1528 1685 1544 1702 a
1558 1678 1650 1702 Dante
1670 1678 1696 1702 la
1717 1680 1784 1703 nota
1805 1680 1980 1710 espressione
1995 1679 2115 1703 “donna
2135 1679 2164 1703 di

1280 1720 1475 1751 “provincie„
1504 1720 1714 1744 nell'invettiva
1740 1720 1876 1744 all‘Italia
1902 1721 2012 1753 (Purg.,
2037 1720 2085 1751 VI,
2111 1720 2166 1752 78),

1278 1764 1462 1793 quantunque
1482 1762 1569 1785 anche
1588 1762 1682 1785 Dante
1701 1769 1784 1794 possa
1799 1769 1864 1786 aver
1877 1764 1977 1787 tenuto
1997 1765 2126 1794 presente
2145 1763 2166 1786 il

1279 1811 1361 1835 passo
1374 1805 1464 1828 citato
1478 1805 1505 1828 di
1520 1803 1660 1833 Geremia,
1674 1805 1724 1828 che
1737 1804 1770 1828 da
1785 1804 1910 1828 Accorso
1923 1807 2013 1829 stesso
2026 1803 2041 1829 ὲ
2054 1812 2122 1836 pure
2135 1805 2165 1828 in

1279 1847 1352 1870 altro
1368 1846 1454 1877 luogo
1468 1847 1509 1877 (in
1525 1846 1655 1876 Cod.1v,
1669 1853 1712 1877 47,
1725 1846 1752 1878 3)
1767 1847 1927 1871 ricordato:
1943 1847 2036 1871 “Illae
2051 1848 2167 1879 provin-

1280 1889 1292 1902 “
1304 1890 1373 1918 ciae,
1391 1896 1460 1919 quae
1479 1889 1522 1912 ius
1542 1889 1671 1913 italicum
1685 1889 1797 1919 habent,
1813 1896 1870 1913 non
1885 1891 2030 1921 praestant
2043 1890 2165 1914 tributa:

1279 1929 1291 1942 “
1304 1937 1371 1961 ergo
1391 1931 1468 1960 patet
1487 1929 1562 1960 quod
1583 1936 1633 1953 nec
1653 1929 1761 1953 italica.
1798 1929 1881 1953 Absit
1901 1930 1975 1953 enim
1995 1929 2070 1961 quod
2091 1929 2167 1954 dica-

1281 1972 1292 1983 ‘¹
1305 1979 1363 1995 mus
1391 1971 1594 2003 principem
1620 1973 1647 1994 et
1673 1971 1855 1995 dominam
1882 1972 2165 2003 provinciarum

1282 2013 1454 2037 “Italiam
1475 2020 1549 2037 esse
1569 2014 1633 2037 sub
1653 2014 1813 2038 tributo:
1829 2015 1903 2038 sicut
1918 2015 1946 2037 in
1961 2014 2167 2038 lamentatione

1281 2056 1294 2068 “
1305 2056 1411 2079 dicitur
1424 2056 1456 2079 de
1471 2055 1644 2079 Hierusalem
1657 2073 1669 2085 Π
1685 2056 1731 2086 (cf.
1751 2056 1938 2086 Smmnomo,
1951 2059 1991 2086 op.
2005 2056 2058 2088 cit.,
2073 2063 2099 2087 p.
2113 2055 2166 2087 22).

1279 2098 1318 2122 La
1339 2098 1411 2122 frase
1433 2098 1455 2121 si
1475 2098 1583 2121 ritrova
1605 2098 1710 2121 inoltre
1735 2098 1993 2122 nell'lntroduzione
2018 2100 2074 2123 alle
2091 2098 2167 2123 virtt'c

1279 2140 1307 2164 di
1323 2141 1402 2163 Bono
1423 2139 1576 2164 Giamboni
1597 2139 1670 2172 (cap.
1689 2139 1734 2172 47)
1753 2148 1767 2163 e
1788 2141 1832 2164 nel
1852 2142 1974 2165 trattato
1995 2142 2079 2165 Della
2099 2149 2166 2165 com—

1274 2183 1408 2212 posizione
1434 2183 1479 2206 del
1502 2183 1594 2207 mondo
1618 2183 1647 2206 di
1672 2182 1792 2207 Ristoro
1817 2183 1955 2207 d'Arezzo
1981 2182 2054 2214 (VII,
2079 2191 2105 2215 4,
2134 2182 2167 2214 1),

1279 2224 1412 2248 ambedne
1431 2225 1584 2257 posteriori
1606 2233 1619 2248 a
1641 2226 1734 2253 Bonc.‚
1753 2233 1797 2249 ma
1816 2226 1953 2249 anteriori
1975 2234 1990 2249 a
2009 2225 2110 2249 Dante.

1366 2266 1562 2290 Giustamente
1581 2267 1615 2290 ha
1636 2267 1721 2291 infine
1741 2267 1887 2291 ricordato
1908 2267 1928 2290 il
1943 2267 2100 2292 Sichlrollo
2113 2268 2166 2292 che

1280 2315 1328 2339 per
1346 2307 1534 2332 Giustiniano
1559 2309 1665 2333 l'Italia
1685 2316 1730 2333 era
1756 2311 1916 2334 veramente
1935 2317 1990 2333 una
2010 2309 2163 2342 provincia

1279 2349 1471 2381 (pragmatica
1492 2351 1610 2379 Sanctio,
1624 2350 1676 2382 27),
1690 2358 1738 2383 per
1751 2352 1795 2374 cui
1810 2351 1838 2375 13
1852 2351 1925 2375 frase
1945 2351 1958 2365 ⁶
1968 2350 2085 2375 domina
2099 2357 2165 2382 pro-

1281 2392 1458 2415 “vinciar-um
1470 2409 1483 2422 η
1505 2393 1533 2415 (11
1554 2392 1640 2416 Bonc.
1656 2399 1670 2415 e
1689 2392 1716 2415 di
1738 2392 1875 2422 Accorso,
1889 2399 1968 2416 corne
1982 2399 2051 2424 pure
2064 2392 2091 2415 la
2104 2399 2164 2416 cor-

1281 2433 1465 2465 rispondente
1486 2434 1557 2457 frase
1586 2434 1730 2463 dantesca,
1749 2435 1773 2458 si
1794 2434 1906 2458 devono
1931 2434 2079 2458 intendere
2098 2433 2162 2458 solo

1281 2476 1325 2498 nel
1346 2483 1427 2500 senso
1448 2476 1475 2499 di
1496 2483 1533 2499 un
1553 2477 1677 2508 primate
1691 2476 1797 2500 morale
1816 2475 1969 2500 dell’Italla
1989 2476 2031 2500 sul
2047 2475 2166 2505 mondo,

1279 2519 1396 2541 essendo
1417 2525 1476 2541 essa
1496 2520 1569 2542 stata
1589 2518 1615 2541 la
1634 2517 1698 2541 sede
1723 2517 1911 2549 dell'Impero,
1931 2525 1945 2541 e
1972 2526 2028 2541 non
2048 2516 2095 2549 gia
2119 2517 2164 2542 nel

1280 2566 1363 2583 senso
1384 2560 1411 2583 di
1439 2560 1634 2590 un'egemonia
1660 2561 1855 2584 strettamente
1879 2560 2009 2593 politica.
2045 2558 2087 2584 Ne
2107 2559 2164 2584 tale

1282 2602 1520 2634 interpretazione
1544 2602 1661 2626 abbassa
1687 2602 1784 2626 affatto
1810 2602 1831 2625 il
1857 2604 1926 2625 tono
1946 2602 2102 2633 patriotico
2122 2601 2167 2625 del

1281 2651 1362 2674 passo
1377 2644 1404 2667 di
1419 2644 1514 2671 Bone..
1533 2644 1577 2667 nel
1597 2644 1686 2675 quale.
1708 2644 1720 2656 ‘⁴
1732 2643 1806 2667 forse
1825 2650 1873 2675 per
1887 2643 1915 2667 la
1928 2643 2019 2675 prima
2040 2643 2119 2667 volta
2134 2644 2163 2666 in

1283 2685 1294 2697 ⁴*
1307 2693 1364 2709 uno
1385 2687 1491 2710 storico
1512 2686 1694 2717 medioemle,
1708 2686 1733 2709 al
1748 2692 1830 2709 nome
1842 2685 1926 2709 Italia
1940 2685 1964 2709 si
1978 2686 2075 2710 unisce
2089 2685 2168 2716 qual-

1283 2726 1356 2751 “che
1376 2735 1441 2751 cosa
1463 2728 1490 2751 di
1518 2728 1712 2759 patriottismo
1740 2726 1910 2757 nazionale„
1940 2726 2099 2757 (GASPARY,
2126 2730 2167 2758 op.

1281 2770 1333 2800 cit.,
1360 2770 1379 2799 Ι,
1405 2778 1431 2801 p.
1457 2769 1510 2801 37).
1555 2769 1644 2794 Tutto
1670 2771 1768 2801 questo
1794 2771 1840 2801 poi
1867 2769 2167 2802 indipendentemente

1282 2812 1355 2835 dalle
1374 2813 1602 2836 considerazioni
1628 2812 1669 2835 sul
1689 2811 1877 2835 fondamento
1898 2811 2166 2843 storico—giuridico

1282 2854 1324 2877 del
1345 2862 1482 2885 responso
1495 2855 1524 2878 di
1537 2854 1706 2886 Roncaglia.
1722 2855 1895 2878 consistente
1909 2854 1954 2877 nel
1969 2854 2071 2877 diritto
2086 2854 2166 2876 scrit-

1282 2897 1311 2919 to
1332 2904 1344 2918 e
1365 2895 1633 2920 nell'antichissima
1652 2895 1865 2925 consuetudine,
1885 2897 1990 2919 mentre
2011 2902 2066 2918 non
2089 2896 2168 2926 pote-

1282 2944 1355 2960 vano
1370 2944 1437 2961 aver
1451 2937 1546 2960 valore
1560 2937 1587 2960 di
1602 2936 1806 2961 consuetudine
1820 2937 1845 2960 le
1860 2938 1963 2960 recenti
1981 2935 2167 2968 usurpazionl

2209 880 2243 905 70

2209 1091 2240 1119 75

2209 1297 2243 1322 80

2209 1725 2245 1752 90

2211 1938 2243 1964 95

2197 2148 2246 2166 100

2197 2358 2244 2384 ¹05

2196 2565 2246 2583 110

2198 2774 2244 2800 ης
