2282 3502
118 199 170 235 [A.
193 199 285 233 1173]

626 191 777 227 LIBER
809 193 877 227 DE
905 192 1183 229 OBSIDIONE
1212 195 1431 230 ANCONE
1886 199 1926 232 31

122 326 136 344 “
149 325 324 367 relinquis,
347 329 398 356 set
421 324 456 356 in
480 323 547 356 tuis
563 323 692 355 dolosis
709 325 1012 366 compositionibus
1029 326 1072 357 de
1090 332 1206 358 cetero
1223 337 1289 359 non
1315 326 1514 364 contidam‚'
1532 328 1611 370 quia
1631 329 1760 371 fregisti
1779 329 1934 370 positum,

123 381 184 411 “et
207 377 311 410 michi
336 377 423 409 male
449 377 479 408 in
506 377 661 409 omnibus
687 378 937 419 respondisti„
986 379 1201 420 Vilglielmus
1231 380 1369 422 quidem
1399 391 1474 411 cum
1510 381 1637 423 ingenti
1670 382 1879 413 exultatione
1903 390 1936 414 et

112 430 335 464 inenarrabili
360 430 514 471 tripudio
538 430 581 461 ad
597 431 786 462 exercitum
804 439 854 463 est
878 441 1044 469 reversus,
1069 439 1102 463 et
1127 434 1330 473 prestolatus
1347 440 1397 464 est
1416 433 1462 464 ibi
1487 434 1670 465 exercitum
1697 435 1866 466 comitisse
1892 436 1934 466 de

114 483 320 516 Brettinoro.
368 482 474 521 Quod
499 490 610 514 autem
636 484 790 524 superius
814 484 895 522 dixi,
921 485 1013 526 quod
1039 485 1070 515 in
1099 485 1187 516 bono
1219 486 1298 517 dolo
1325 487 1427 517 fuerit
1453 487 1596 523 locutus,
1620 494 1668 518 est
1694 488 1804 519 taliter
1835 488 1935 519 intel-

73 537 90 570 5
114 535 298 581 ligendum.
346 535 459 568 Bonus
491 536 579 567 enim
609 536 708 567 dolus
739 537 872 568 idcirco
903 537 1039 574 dicitur,
1063 538 1143 580 quia
1167 538 1267 569 nullis
1291 539 1406 570 nocuit
1432 546 1463 570 et
1505 539 1625 571 multos
1649 551 1666 570 a
1700 541 1815 571 mortis
1847 541 1934 582 peri-

112 588 190 620 culo
206 587 363 620 liberavit
377 586 397 619 ¹.
443 586 513 619 Sed
537 589 614 630 quis
638 588 769 620 audivit
787 599 900 630 parem
928 589 988 619 viri
1015 589 1264 627 liberalitatem,
1289 591 1448 632 quoniam
1474 592 1618 622 animam
1644 598 1677 623 et
1701 603 1835 634 corpus,
1852 594 1935 624 ami-

112 651 182 680 cos,
206 641 336 678 fideles.
359 652 484 677 servm,
501 641 655 678 ancillas.
680 642 817 682 propria
841 648 874 673 et
890 642 1002 673 aliena
1020 643 1052 673 in
1077 643 1247 685 integrum
1266 643 1478 685 obligaverat
1491 645 1512 680 ²,
1530 651 1564 676 ut
1582 645 1754 676 civitatem
1775 646 1935 677 liberaret

114 693 399 730 Anchonitanam.
415 694 448 724 in
466 705 532 736 qua
550 694 658 726 nullas
676 696 917 736 possessiones,
943 695 1120 737 nullosque
1147 698 1420 737 consanguineos
1445 699 1495 728 vel
1522 705 1619 729 notos
1644 698 1799 734 babebat.
1825 710 1933 740 neque

113 747 208 779 illum
241 748 428 779 exercitum
447 747 574 779 ducere
592 754 737 789 poterat,
762 748 826 779 nisi
843 747 936 788 prius
953 748 1129 779 transitum
1156 749 1286 780 faceret
1304 760 1366 790 per
1383 750 1546 791 plurimos
1569 751 1806 792 episcopatus?
1855 752 1933 783 l're-

52 802 89 833 10
113 806 206 833 terea
229 811 285 832 res
309 806 382 831 erat
399 800 433 831 in
451 800 567 836 dubio,
583 800 664 842 quia
681 801 781 842 pauci
801 800 854 832 vel
874 801 957 832 nulli
981 801 1165 842 sperabant
1183 802 1275 844 quod
1300 814 1361 844 per
1378 803 1566 844 aliquorum
1593 804 1794 845 suffragium
1820 794 1934 846 posset

111 853 154 886 ab
185 853 364 886 obsidione
397 853 518 885 civitas
542 853 695 889 liberat-h
730 859 765 885 et
795 854 939 885 maxime
973 864 1048 886 cum
1083 854 1114 885 hi
1149 855 1182 885 in
1215 855 1338 886 itinere
1371 856 1585 887 inimicorum
1618 857 1706 888 vires
1737 857 1933 888 viderentur

111 907 263 950 undique
281 907 469 948 prevalere.
517 906 587 938 Sed
603 906 784 939 dotaverat
809 906 899 938 hunc
931 907 1036 939 virtus
1063 908 1206 949 speciali
1233 918 1384 944 munere.
1410 920 1476 951 que
1500 910 1678 942 audaciam
1704 910 1765 941 sibi
1790 910 1934 941 contulit

111 966 146 992 et
176 959 426 997 liberalitatem,
451 965 597 1001 utraque
621 970 763 1002 quarum
788 959 889 991 simul
913 961 1039 999 existit,
1063 968 1097 992 et
1128 972 1204 992 cum
1238 972 1304 992 una
1335 963 1443 1000 deest,
1474 962 1580 994 altera
1611 963 1764 1004 privatur
1794 963 1932 994 effectu.

110 1013 256 1055 Utrique
273 1013 444 1056 siquidem
460 1013 683 1055 superaddita
702 1013 767 1044 fuit
784 1019 903 1045 nature
922 1013 1081 1046 benefitio
1097 1014 1276 1056 sapientia,
1301 1025 1366 1056 que
1391 1015 1480 1047 sicut
1503 1015 1590 1056 lapis
1606 1016 1776 1057 pretiosus
1793 1017 1934 1048 decorat

53 1065 90 1098 15
113 1067 263 1107 anulum,
280 1067 326 1098 ita
349 1076 408 1098 sua
427 1066 634 1098 claritudine
652 1065 764 1098 radiat
780 1067 985 1108 supradicta.
1017 1067 1122 1099 Cuius
1137 1068 1239 1109 igitur
1263 1068 1426 1099 facundia
1443 1068 1611 1100 sufficeret
1629 1069 1714 1100 tanti
1731 1070 1793 1100 viri
1813 1070 1931 1100 laudes

109 1120 253 1156 referre.
277 1119 334 1162 qui
359 1120 518 1150 virtutem
542 1119 672 1150 divitiis
695 1125 810 1160 preter
841 1120 1036 1161 generalem
1069 1121 1349 1152 consuetudinem
1381 1121 1587 1162 anteposuit,
1620 1127 1652 1152 et
1683 1131 1719 1152 se
1751 1122 1859 1162 ipsum
1891 1132 1932 1153 ac

110 1182 200 1210 suOS,
224 1172 319 1215 quasi
344 1182 407 1213 pro
432 1171 634 1214 alienigenis
656 1177 690 1203 et
716 1172 872 1213 personis
895 1173 1088 1215 incogniti5‚
1113 1172 1259 1204 diversis
1282 1172 1444 1214 periculis
1471 1178 1505 1204 et
1537 1174 1636 1204 morti
1668 1183 1839 1215 exponere
1872 1175 1932 1204 mi-

111 1225 202 1258 nime
219 1224 416 1257 dubitavit?
463 1224 566 1256 Unde
590 1230 703 1266 potest
720 1225 789 1257 dici
807 1226 901 1267 quod
918 1225 1022 1256 fuerit
1046 1225 1187 1256 militum
1212 1225 1419 1257 Lombardie
1446 1226 1622 1266 speculum
1636 1225 1657 1265 ³,
1682 1226 1790 1267 patrie
1815 1227 1933 1263 decus,

109 1284 144 1310 et
168 1278 326 1310 virtutem
351 1277 456 1309 animi
480 1287 645 1309 exercere
670 1277 865 1309 volentibus
890 1278 1051 1309 memoria
1075 1278 1316 1319 sempiternas

197 1331 208 1349 ⁴
222 1330 384 1363 Preterea
406 1330 464 1372 qui
487 1336 722 1362 remanserant
743 1331 778 1362 in
803 1330 940 1362 civitate
956 1331 1047 1361 fame
1071 1329 1289 1362 inenarrabili
1306 1330 1561 1372 affligebantur,
1585 1331 1664 1373 quia
1688 1331 1787 1373 panis
1803 1342 1847 1363 ex
1864 1337 1936 1363 toto

109 1384 290 1416 defecerat
313 1389 347 1415 et
370 1383 485 1426 aliqua
507 1393 636 1426 genera
660 1383 871 1425 leguminum
889 1393 957 1414 non
982 1389 1142 1424 poterant
1166 1382 1323 1414 inveniri.
1368 1382 1623 1415 Interficiebant
1646 1394 1763 1426 equOS,
1787 1385 1936 1415 iumenta

111 1443 146 1470 et
169 1438 292 1476 asinos,
316 1442 348 1469 et
371 1437 563 1469 immundas
585 1446 706 1467 carnes
721 1435 913 1468 avidissime
937 1436 1178 1473 comedebant,
1203 1436 1364 1478 quoniam
1383 1437 1492 1468 fames
1515 1443 1566 1469 est
1590 1437 1658 1469 cibi
1682 1438 1864 1469 cuiuslibet
1887 1437 1938 1469 in-

109 1491 305 1523 troductiva
318 1493 339 1521 ⁸.
386 1489 473 1522 Nam
497 1495 531 1521 et
554 1494 648 1520 tanta
672 1489 736 1520 fuit
759 1488 876 1520 talium
895 1489 1046 1520 carnium
1066 1489 1235 1526 caritudo,
1253 1489 1345 1532 quod
1362 1490 1395 1521 in
1412 1490 1526 1532 capite
1542 1490 1640 1522 unius
1656 1491 1743 1522 asini
1759 1497 1829 1523 tres
1845 1492 1938 1523 aurei

44 1332 86 1363 20

202 1646 223 1664 ι.
242 1639 353 1663 coetero
373 1638 410 1661 M
427 1650 456 1655 -
477 1644 500 1661 z.
520 1636 706 1669 respondisti}
729 1637 820 1661 scvisti
843 1638 879 1661 M
894 1650 902 1655 -
928 1636 1115 1662 Guillielmus
1144 1637 1167 1662 C
1188 1651 1196 1656 -
1220 1637 1473 1670 Vilglielmus....
1494 1638 1684 1671 exultatione]
1704 1639 1767 1663 Non
1790 1640 1937 1671 respondit

113 1680 304 1709 Guillielmus,
323 1680 370 1704 sed
390 1687 451 1703 cum
470 1680 581 1711 ingenti
601 1679 779 1704 exultatione
799 1680 834 1704 M
850 1693 881 1696 ——
902 1687 925 1711 3.
946 1681 1154 1704 innenarrabili
1177 1680 1200 1704 G
1217 1694 1224 1698 -
1245 1680 1284 1712 et]
1305 1688 1335 1704 ac
1360 1681 1382 1704 C
1399 1683 1432 1705 cd
1456 1682 1491 1705 M
1511 1694 1521 1699 -
1548 1689 1673 1705 reversus
1686 1701 1691 1705 .
1705 1701 1709 1705 .
1722 1699 1745 1706 ..
1770 1682 1937 1713 exercitum]

111 1730 237 1748 reversus
255 1722 350 1747 estad
377 1729 450 1750 suos,
469 1723 497 1745 et
523 1722 711 1753 praestolatus
731 1720 915 1753 {prestolatus
938 1721 971 1754 C]
997 1724 1038 1746 est
1057 1723 1211 1746 exercitum
1235 1722 1258 1746 C
1279 1723 1313 1746 ed
1332 1724 1367 1747 M
1388 1736 1397 1741 -
1423 1725 1566 1748 comittise
1600 1724 1630 1754 νς
1658 1725 1820 1748 comitissae
1848 1725 1883 1748 M
1904 1738 1935 1741 -

111 1773 136 1797 4.
156 1765 322 1790 Britonorio
345 1763 377 1792 C;
398 1764 552 1788 Britonoro
572 1764 609 1787 M
623 1777 632 1781 -
652 1763 726 1794 quod
747 1772 793 1787 σηι,
811 1763 878 1788 Ced
892 1765 944 1787 M-
965 1763 1098 1796 loquutus
1118 1765 1156 1788 M
1169 1778 1202 1782 —
1222 1764 1245 1788 6.
1260 1772 1355 1797 param
1379 1766 1418 1789 V·
1433 1766 1591 1789 libertatem
1615 1765 1656 1789 C·
1672 1765 1818 1798 quoniam]
1837 1767 1885 1797 qui
1907 1767 1942 1790 M

67 1814 80 1840 5
111 1821 144 1825 —
164 1813 187 1838 7.
206 1809 234 1831 et
253 1806 357 1839 aliena]
378 1807 405 1831 et
424 1814 471 1830 om.
494 1805 517 1829 C
533 1807 566 1829 ed
585 1806 620 1829 M
639 1819 667 1822 —
687 1804 710 1829 S.
732 1804 831 1836 neque]
853 1813 902 1830 nce
921 1807 959 1830 M
974 1819 1005 1823 —
1025 1813 1048 1837 9.
1070 1806 1159 1838 prius]
1180 1808 1272 1839 primo
1296 1807 1319 1830 C
1335 1809 1369 1831 ed
1386 1809 1422 1831 ,11
1438 1821 1445 1825 -
1465 1816 1513 1831 om.
1539 1807 1564 1830 V
1578 1817 1591 1831 e
1613 1808 1636 1831 C
1652 1808 1674 1832 il
1690 1812 1769 1837 punto
1789 1809 1883 1832 interr.
1903 1821 1935 1825 —-

111 1856 183 1881 9-10.
203 1849 351 1873 Praeterea
370 1849 407 1872 M
422 1861 453 1865 —
477 1854 515 1871 xo.
535 1847 690 1879 sufragium
716 1847 738 1870 C
754 1860 788 1864 --
810 1854 849 1871 ιι.
869 1848 1016 1872 ossidione
1035 1849 1164 1872 civitatis
1186 1848 1209 1872 C
1225 1861 1235 1866 -
1256 1849 1368 1873 liberali
1391 1850 1417 1873 P
1434 1862 1443 1867 -
1463 1849 1490 1873 1ιί
1512 1858 1559 1873 om.
1583 1850 1605 1873 C
1622 1851 1656 1873 ed
1674 1851 1749 1873 M—
1768 1856 1807 1874 12.
1822 1857 1935 1881 praeva-

113 1892 169 1916 lere
189 1892 265 1916 M—
283 1898 321 1923 13.
342 1891 500 1915 libertatem
524 1890 547 1914 C
558 1903 565 1907 -
580 1890 684 1914 existat
701 1889 734 1917 ὃς
748 1891 853 1913 existat
873 1891 986 1921 oportet
1006 1891 1042 1913 M
1057 1903 1089 1907 —
1105 1897 1144 1920 14.
1159 1890 1353 1922 superaddita]
1368 1891 1466 1915 addita
1482 1891 1504 1915 C
1515 1893 1548 1915 ed
1561 1892 1614 1915 ΛΙ-
1630 1894 1744 1915 naturae
1758 1892 1891 1915 beneficio
1906 1893 1941 1915 ,ll

114 1947 145 1951 —
169 1938 207 1964 15.
227 1933 353 1957 anullum
379 1934 405 1957 P
422 1941 435 1956 e
457 1932 480 1956 C
503 1946 511 1950 -
536 1932 667 1956 claritate
688 1931 766 1955 radia
789 1931 811 1954 C
829 1944 837 1948 -
857 1931 1029 1955 claritudine
1054 1933 1146 1956 radiat
1171 1932 1344 1963 supradicta]
1372 1933 1501 1956 claritate
1527 1933 1622 1956 radios
1648 1933 1842 1965 superinducit
1871 1934 1904 1957 M
1927 1946 1935 1950 -

113 1975 244 2000 secundia
272 1975 317 1999 V-
337 1974 462 1999 sufficeret
485 1974 507 1997 C
523 1987 556 1991 -—
579 1973 616 1998 16.
638 1975 746 2004 praeter
766 1974 802 1996 M
817 1986 827 1990 -
848 1974 913 1996 ante
931 1980 959 1996 se
973 1974 1068 2004 posuit
1085 1973 1107 1996 C
1125 1986 1156 1990 —
1179 1979 1218 2003 17.
1239 1974 1380 2005 personis]
1402 1982 1451 2005 pro
1475 1973 1497 1997 C
1514 1975 1548 1998 ed
1568 1975 1601 1998 M
1617 1987 1625 1991 -
1646 1974 1777 2005 diversis]
1797 1977 1823 1997 et
1844 1974 1935 1998 diver-

113 2018 152 2041 sis
178 2018 202 2041 G
223 2030 248 2034 -—
272 2016 358 2047 17—18.
377 2015 504 2047 minime]
526 2023 581 2039 non
607 2015 628 2039 C
645 2016 678 2039 ed
697 2016 773 2039 M—
791 2014 829 2039 18.
849 2023 896 2038 om.
925 2015 946 2038 V
961 2015 983 2038 il
997 2018 1078 2044 punto
1097 2015 1296 2046 interrogativo
1316 2028 1324 2032 -
1345 2015 1480 2039 millitum
1505 2015 1527 2038 C
1544 2028 1552 2032 -
1573 2015 1732 2039 Lonbardie
1752 2017 1789 2040 1¹:
1804 2015 1935 2039 Lonibar-

114 2060 176 2082 dine
196 2059 233 2082 M
246 2070 256 2076 -
276 2058 383 2090 patriae
402 2058 480 2081 M—
497 2064 535 2088 ¹9·
555 2058 629 2087 Dopo
642 2057 814 2088 sempiterna
828 2065 909 2087 seg-ue
923 2057 948 2079 in
964 2057 1006 2079 nl:
1023 2055 1091 2088 cap.
1105 2056 1151 2080 XI.
1190 2057 1230 2080 De
1249 2056 1321 2080 same
1341 2057 1469 2080 civitatis
1491 2069 1519 2073 —
1543 2063 1583 2080 πο.
1603 2057 1747 2080 Praeterea
1763 2058 1934 2087 ‘'ll-‘reman-

113 2102 209 2125 serunt
229 2101 257 2124 in
277 2100 424 2124 civitatem
452 2100 476 2123 V
490 2113 521 2117 —
543 2107 584 2124 21.
603 2099 731 2123 deflectat
755 2098 777 2122 C
793 2112 802 2116 -
823 2096 960 2131 inveniri!
981 2098 1097 2130 reperiri
1121 2097 1144 2121 C
1161 2099 1194 2122 ed
1219 2100 1253 2121 iil
1270 2113 1300 2116 —
1323 2105 1363 2122 22.
1384 2099 1469 2122 fames
1490 2099 1544 2122 cibi
1566 2099 1715 2131 cujuslibet
1740 2099 1933 2122 introductiva

115 2145 157 2167 est
177 2143 212 2166 M
228 2155 258 2160 —
280 2148 320 2174 ²3·
340 2139 382 2174 in]
401 2149 452 2175 pro
473 2142 508 2166 Ji!

53 2024 84 2041 10

52 2504 86 2523 20

55 2714 86 2740 ²5

199 2243 208 2260 ¹
230 2243 334 2272 “Quod
356 2246 447 2268 autem
468 2243 594 2276 superius
620 2243 658 2275 [p.
678 2250 720 2274 30,
740 2244 758 2268 1.
781 2241 803 2275 ι]
825 2244 895 2270 dixi.
921 2244 993 2274 quod

113 2286 173 2312 “in
194 2288 286 2311 bono
306 2287 393 2311 dolo
414 2286 499 2310 fuerit
519 2286 628 2310 locutus
633 2302 708 2315 .....
721 2293 737 2309 ει
751 2285 850 2309 mortis
869 2285 995 2317 periculo

113 2329 273 2353 “liberavit
289 2337 318 2360 „t
350 2329 435 2353 Bone.
460 2330 548 2352 stesso
578 2325 612 2351 dit
638 2329 685 2359 qui
715 2328 742 2351 la
767 2327 938 2351 definizione
966 2327 995 2350 di

111 2371 124 2386 ³
135 2371 225 2396 bonus
245 2371 324 2395 dolus
337 2388 360 2401 ,‚,
380 2372 496 2394 accanto
516 2369 571 2394 alla
591 2369 681 2402 quale,
700 2376 714 2393 e
727 2377 774 2400 per
789 2370 892 2401 meglio
906 2371 997 2393 inten-

112 2414 198 2444 deria,
216 2412 229 2437 e
249 2416 412 2446 opportuno
432 2412 576 2436 ricordare
595 2412 622 2436 la
641 2411 810 2436 definizione
824 2411 869 2435 del
891 2411 996 2434 “dolus

114 2455 230 2480 “bonus
241 2473 264 2486 ,‚‚
283 2453 344 2479 eloe
363 2454 562 2486 ‹iell'inganno
582 2455 745 2486 perpetrato
764 2460 780 2476 a
793 2453 867 2476 buon
881 2453 943 2481 fine,
957 2460 996 2476 se-

113 2498 204 2522 condo
224 2497 244 2521 il
265 2497 390 2528 Digesto,
401 2496 476 2520 libro
488 2495 535 2523 lv,
550 2495 636 2519 titolo
649 2501 695 2522 111.
712 2502 737 2518 1:
754 2494 766 2506 “
778 2494 841 2518 Non
863 2494 918 2518 fuit
930 2501 996 2518 con-

116 2540 234 2564 “tentus
253 2539 372 2563 Praetor
392 2537 513 2561 dolum
533 2538 632 2567 dicere,
654 2537 701 2560 sed
721 2537 827 2560 adiecit
853 2536 996 2560 malum:

117 2581 274 2613 “quoniam
295 2582 400 2604 veteres
421 2580 540 2603 dolum
567 2580 651 2603 etiam
673 2579 798 2602 bonum
819 2578 951 2602 dicebant
970 2581 997 2601 et

114 2625 126 2637 ‘⁴
139 2630 190 2656 pro
204 2623 322 2647 solertia
337 2623 387 2646 hoc
403 2630 502 2646 nomen
517 2622 709 2653 accipiebant:
731 2621 850 2644 maxime
863 2621 885 2644 si
901 2621 997 2644 adver-

114 2666 183 2690 “sus
203 2666 312 2690 hostem
332 2665 507 2689 latronemve
527 2664 591 2695 quis
611 2664 786 2687 machinetur
798 2679 822 2693 n·

201 2705 212 2723 ²
225 2708 298 2733 “Sed
312 2709 374 2739 quis
389 2706 499 2731 audivit
511 2726 516 2730 .
529 2725 533 2730 .
547 2725 551 2730 .
563 2723 570 2730 .
584 2707 613 2730 in
628 2707 770 2737 integrum
784 2706 979 2736 obligaverat„
992 2714 996 2728 z

116 2750 204 2781 ripete
223 2750 270 2781 qui
290 2750 386 2778 Bonc.‚
411 2756 465 2773 con
491 2748 608 2780 qualche
636 2748 805 2775 variazione.
831 2750 936 2778 quanto
963 2747 997 2770 ha

116 2791 194 2816 detto
213 2789 262 2823 piu
282 2799 363 2824 sopra
384 2790 423 2824 (p.
442 2798 483 2822 29,
504 2791 535 2814 11.
554 2790 610 2821 5-6»
629 2797 644 2814 e
663 2792 769 2821 quanto
791 2788 849 2813 fara
869 2790 929 2812 dire
949 2790 996 2820 poi

116 2839 132 2856 a
151 2831 314 2864 Guglielmo
334 2832 370 2864 (p.
390 2839 433 2863 41,
452 2833 470 2857 1.
489 2832 516 2861 8)
535 2839 549 2855 e
568 2832 602 2855 ad
623 2830 752 2854 Aldruda
766 2829 806 2862 (p.
825 2837 867 2860 44,
885 2830 915 2853 ll.
937 2828 998 2861 2-3)‚

117 2881 164 2906 per
183 2875 340 2900 ricordarlo
359 2876 510 2899 un’ultima
536 2875 614 2898 volta
640 2881 654 2897 a
681 2873 828 2905 proposito
855 2873 899 2896 del
925 2880 997 2896 com-

57 2925 90 2950 30
117 2924 204 2949 penso
223 2919 309 2941 avuto
329 2917 571 2948 dall’imperatore
590 2916 736 2940 d’Oriente
755 2916 793 2947 (p.
813 2922 854 2947 47.
875 2915 905 2938 ll.
935 2914 997 2942 ιη).

202 2957 213 2974 ²
233 2958 391 2990 “Specchio
411 2960 453 2983 dei
475 2959 611 2983 cavalieri
631 2959 660 2982 di
680 2958 887 2986 Lombardia„:
914 2956 998 2980 Lom-

1049 2243 1146 2267 bardia
1167 2243 1211 2266 nel
1231 2250 1311 2266 senso
1332 2242 1391 2266 lato
1413 2243 1485 2266 della
1508 2242 1600 2273 parola
1616 2242 1659 2265 nel
1675 2242 1766 2265 medio
1780 2249 1839 2271 evo,
1855 2248 1933 2265 come

1050 2286 1136 2310 anche
1157 2293 1170 2309 a
1191 2293 1216 2316 p.
1238 2291 1278 2315 29,
1302 2286 1318 2308 1.
1340 2292 1362 2308 2.

1137 2327 1146 2342 ⁴
1169 2328 1197 2351 P.
1218 2334 1259 2358 3¹·
1280 2327 1297 2351 l.
1318 2334 1387 2358 20—1).
1408 2334 1448 2359 3²·
1470 2327 1486 2350 1.
1508 2333 1553 2350 20:
1574 2326 1746 2351 Condizioni
1769 2327 1934 2357 gravissime

1050 2371 1123 2394 della
1143 2369 1212 2394 citta
1238 2370 1377 2393 assediata
1397 2377 1444 2401 per
1464 2370 1589 2393 assoluta
1611 2376 1763 2393 mancanzn
1784 2369 1810 2391 di
1835 2370 1933 2391 viveri.

1049 2412 1071 2435 11
1091 2419 1162 2444 panc
1183 2419 1280 2435 manea
1300 2411 1344 2434 del
1365 2413 1450 2440 tutto,
1472 2411 1670 2443 scarseggiano
1690 2411 1826 2439 ilegumi,
1842 2412 1862 2433 si
1879 2417 1934 2434 ma-

1048 2454 1160 2478 cellano
1174 2453 1275 2477 cavalli
1289 2453 1321 2476 ed
1336 2453 1419 2480 asini.
1434 2453 1457 2476 si
1472 2454 1610 2476 cuociono
1626 2453 1651 2477 le
1665 2453 1732 2484 pelli
1748 2453 1851 2476 bovine
1865 2459 1934 2475 ram-

1050 2493 1167 2523 mollite,
1187 2495 1209 2517 si
1231 2495 1334 2517 ricorrc
1355 2494 1469 2525 persino
1489 2494 1515 2517 ai
1536 2493 1608 2522 cani,
1628 2494 1653 2516 ai
1676 2494 1746 2524 topi.
1767 2492 1819 2515 alle
1833 2493 1935 2515 attinio

1049 2544 1063 2560 e
1083 2537 1116 2560 ad
1137 2537 1207 2567 ogni
1234 2536 1305 2559 altra
1332 2536 1423 2566 specie
1450 2533 1498 2566 piu
1525 2535 1644 2559 insolita
1670 2535 1698 2558 di
1726 2534 1935 2557 commestibili.

1049 2579 1130 2602 Tutti
1150 2579 1275 2602 soffrono
1296 2579 1502 2601 terribilmente
1528 2585 1575 2609 per
1601 2578 1628 2601 lo
1655 2584 1747 2601 scarso
1773 2584 1787 2600 e
1814 2577 1935 2608 pessimo

1051 2621 1240 2645 nutrimento:
1259 2629 1273 2643 e
1287 2619 1330 2644 cit>
1347 2622 1519 2643 nonostante
1534 2621 1539 2642 i
1556 2620 1707 2645 difensori.
1722 2617 1779 2641 cosi
1795 2619 1933 2641 este-nunti

1050 2663 1083 2687 da
1104 2671 1214 2695 reggere
1235 2671 1248 2686 a
1270 2663 1341 2686 mala
1362 2670 1432 2693 pena
1460 2662 1487 2685 lo
1513 2663 1607 2691 scudo,
1636 2662 1748 2685 lottano
1775 2668 1826 2684 con
1854 2663 1936 2683 tanto

1050 2706 1244 2729 accanimento
1264 2705 1298 2728 da
1317 2706 1451 2728 suscitare
1465 2704 1668 2727 ammirazione
1681 2706 1722 2727 tra
1738 2703 1776 2735 gli
1793 2704 1871 2725 stessi
1890 2710 1935 2725 ne-

1050 2748 1124 2771 mici.
1158 2746 1238 2771 Pieta
1256 2747 1362 2779 grande
1382 2747 1527 2770 suscitano
1549 2748 1555 2769 i
1579 2746 1707 2769 sanciulli
1730 2745 1871 2769 chiedenti
1894 2745 1935 2767 in-

1050 2797 1125 2813 vano
1144 2788 1164 2813 il
1186 2796 1255 2820 pane
1275 2796 1289 2812 e
1310 2789 1335 2812 le
1354 2789 1442 2811 madri
1463 2789 1513 2811 che
1534 2795 1589 2811 non
1611 2788 1705 2811 hanno
1726 2785 1774 2819 piu
1795 2787 1863 2809 larte
1889 2793 1935 2817 per

1051 2832 1058 2854 i
1081 2832 1142 2854 loro
1163 2831 1330 2862 pau-goletti.

1137 2871 1147 2887 5
1165 2874 1212 2897 Sui
1232 2873 1289 2896 cibi
1311 2873 1422 2895 insoliti
1443 2873 1486 2895 cui
1510 2872 1646 2895 rimi-sero
1662 2871 1817 2894 icittadini
1836 2869 1933 2892 Niceta

1051 2915 1103 2945 (op.
1121 2915 1175 2940 cit„
1195 2921 1220 2945 p.
1242 2914 1302 2945 263)
1322 2915 1383 2937 dice
1403 2915 1542 2937 soltanto:
1564 2911 1696 2945 “ῆψαντο
1711 2913 1764 2937 τῶν
1776 2909 1875 2943 ἀήθων
1889 2909 1935 2935 καὶ

1050 2957 1063 2969 “
1073 2955 1143 2987 πρὸς
1161 2954 1179 2980 ἃ
1199 2953 1235 2987 μὴ
1255 2954 1335 2988 θέμις
1353 2954 1554 2986 τρεχεδειπνεῑν
1572 2956 1732 2986 onoma-:etv
1751 2952 1871 2978 struvam
1888 2952 1934 2977 ἂν·

1987 341 2040 358 Mu*
2078 345 2115 360 ιρι,

1962 2373 1991 2397 35

1964 2588 1996 2611 ,30

1964 2795 1995 2818 ⁴5
