2282 3502
48 807 84 838 io

43 1421 76 1439 10

42 1633 71 1660 ¹⁵

37 1847 72 1865 20

36 2053 68 2080 ²⁵

33 2266 69 2292 30

23 2460 66 2501 '35

33 2686 68 2711 40

31 2893 64 2919 45

111 201 273 239 [Α.1173]
618 201 767 236 LIBER
798 202 866 236 DE
895 202 1173 239 OBSIDIONE
1203 205 1423 242 ANCONE
1883 210 1929 244 35

110 329 212 362 immo
237 329 414 372 plurimum
440 331 638 364 extollenda
663 339 713 364 est
738 332 1054 366 Anchonitanorum
1082 335 1278 373 liberalitas,
1302 342 1334 369 et
1358 337 1504 369 maxime
1529 348 1604 370 cum
1623 339 1656 370 in
1674 340 1936 372 necessitatibus

111 391 209 415 nemo
233 383 447 415 consueverit
471 385 618 416 existere
643 385 795 418 liberalis
810 386 828 418 ¹.
876 387 957 419 Erat
973 388 1061 419 enim
1079 389 1129 420 vir
1145 389 1289 430 sapiens.
1306 390 1483 427 discretus,
1501 391 1675 433 eloquens.
1692 399 1725 426 et
1743 393 1934 426 curialitate

111 435 310 468 multimode
334 437 530 474 redimitus:
556 449 617 479 pro
641 439 763 481 quibus
787 440 963 472 maximam
989 441 1023 472 in
1047 441 1198 474 eiusdem
1218 443 1430 484 imperatoris
1447 445 1540 475 curia
1557 444 1755 487 dignitatem
1775 446 1932 485 habebut.

111 488 154 521 de
178 498 246 531 qua
268 495 506 530 protosevasto
523 491 712 528 dicebatur,
736 493 814 533 (nec
839 499 911 524 erat
936 493 983 524 ita
1000 504 1142 535 mugnus
1158 495 1318 537 princeps
1335 496 1367 527 in
1386 497 1478 527 curia
1496 505 1570 538 post
1589 497 1819 538 logothetam).
1868 500 1932 531 Hic

111 541 199 573 enim
224 541 387 573 infinitam
413 544 578 585 expendit
602 546 781 586 pecuniam
807 556 867 587 pro
891 557 951 578 sua
976 553 1008 578 et
1033 547 1181 579 civitatis
1214 548 1428 586 liberatione,
1451 556 1482 580 et
1509 550 1541 580 in
1573 550 1728 582 omnibus
1752 553 1931 584 maximum

110 593 256 636 prestitit
280 596 507 636 patrocinium
538 596 799 630 Anclionitanis.
848 598 949 637 (Nam
980 600 1157 642 quicquid,
1185 602 1370 632 occasione
1403 601 1601 641 obsidionis,
1633 610 1711 634 ante
1736 605 1788 636 vel
1814 612 1931 646 postea

108 647 331 689 expenderat.
355 659 460 691 usque
477 649 520 681 ad
545 651 763 682 novissimum
789 653 1014 694 quadrantem
1040 653 1185 684 restituit
1210 655 1397 694 universis).
1446 655 1598 687 Surrexit
1627 656 1680 687 hic
1704 664 1735 688 et
1761 658 1828 688 alta
1846 669 1930 690 voce

107 699 268 732 clamavit
292 699 478 734 Pantochir
493 702 514 743 ²,
539 702 573 734 id
597 709 659 740 est,
676 704 862 736 salvantem
888 705 1011 742 omnia,
1036 705 1198 738 addendo
1216 706 1380 749 eleyson⁸
1404 714 1436 739 et
1460 708 1606 749 quedam
1632 719 1733 750 greca
1751 711 1929 748 vocabula,

107 763 173 796 que
197 753 276 784 huic
301 763 367 786 non
393 760 470 786 sunt
496 755 584 787 libro
607 757 802 794 inserenda,
819 757 978 799 quoniam
1005 757 1118 789 latinis
1143 769 1211 790 non
1236 759 1401 791 debemus
1425 771 1599 801 apponere
1624 772 1773 803 grecum.
1821 763 1931 794 Finita

107 805 285 849 siquidem,
308 809 495 840 secundum
522 809 711 841 Grecorum
737 820 876 847 morem,
901 810 1083 842 Dominica
1100 812 1330 850 invocatione,
1347 813 1412 844 hoc
1435 812 1536 845 modo
1561 814 1723 855 populum
1747 815 1932 857 alloquitur

108 858 371 892 anchonitanum
383 872 390 892 :

198 997 218 1014 1.
237 998 302 1022 ymo
322 991 474 1023 plurimum
496 991 598 1023 [questa
614 995 714 1023 parata
733 994 746 1017 ὲ
765 994 901 1025 aggitarum
921 994 947 1018 iu
965 995 1100 1026 'margine-l
1121 995 1274 1020 extolcnda
1295 999 1335 1020 est
1351 998 1384 1024 C;
1400 998 1486 1021 immo
1500 997 1661 1021 extollenda
1676 1001 1716 1021 cst
1732 998 1880 1029 plurimum
1898 1000 1932 1022 ,11

107 1044 118 1051 -
144 1032 390 1057 Anconitunorum
414 1035 438 1057 l'
455 1047 463 1052 ·
485 1034 644 1060 llberalltos
665 1035 686 1059 C
704 1049 735 1052 -
758 1041 780 1060 ².
800 1037 947 1060 consucvit
970 1038 992 1061 C
1010 1049 1019 1054 -
1039 1037 1170 1068 existere}
1190 1045 1248 1061 csse
1270 1038 1292 1061 C
1311 1040 1344 1062 cd
1362 1040 1396 1062 ΛΙ
1415 1052 1442 1056 -
1470 1046 1494 1070 3.
1515 1039 1679 1063 multimoda
1702 1040 1724 1064 C
1741 1042 1774 1063 cd
1794 1041 1826 1064 ill
1844 1054 1850 1058 ·
1873 1049 1929 1064 mn-

109 1075 228 1099 ximnm.
303 1076 432 1108 habebat}
454 1077 482 1099 ln
502 1077 626 1101 eiusdem
646 1077 826 1110 imperatoris
845 1079 908 1102 nula
930 1081 1079 1103 maximam
1106 1081 1222 1104 habebnt
1250 1081 1418 1112 dignitatem
1447 1082 1471 1106 C
1493 1082 1527 1104 rc!
1552 1082 1585 1105 A!
1610 1094 1638 1099 —·
1666 1090 1688 1112 ⁴·
1717 1083 1926 1113 protosalvasto

106 1117 134 1140 P
156 1125 169 1140 e
190 1117 214 1142 C
231 1130 238 1134 -
261 1125 308 1141 nec
329 1119 387 1142 erut
481 1119 655 1150 logothetam
674 1128 722 1144 om.
743 1120 768 1144 Ι)
786 1133 793 1137 -

106 1157 130 1182 6.
150 1160 294 1191 praestitit
315 1160 349 1183 M
363 1173 375 1178 -
395 1161 532 1192 quidquid
554 1162 576 1185 C
593 1162 627 1185 eil
646 1163 679 1185 ‚il
697 1175 725 1178 ’-
748 1167 770 1192 7.

789 1164 981 1194 expenderunt
1003 1165 1037 1187 M
1058 1177 1065 1181 -
1085 1164 1197 1187 Surexit
1220 1166 1243 1188 C
1261 1178 1289 1181 —
1312 1165 1335 1188 8.
1356 1165 1563 1190 Pantochlr...

818 1120 1004 1152 Logotlietnm
1033 1122 1076 1147 iil:
1102 1122 1276 1151 logotethain
1309 1125 1332 1145 (i
1356 1137 1385 1140 -
1414 1129 1436 1153 ς.
1462 1121 1549 1156 enim]
1575 1123 1710 1154 siquidem
1739 1125 1761 1148 C
1785 1126 1818 1147 ed
1841 1124 1875 1147 M
1895 1139 1925 1143 —

1576 1183 1581 1189 .
1603 1164 1741 1198 addendo}
1761 1167 1927 1198 pam-hechir

107 1199 290 1232 [Panchethir
311 1200 362 1235 llll.
378 1203 449 1227 idest
463 1203 580 1228 salutem
601 1205 708 1234 omnln,
728 1205 940 1236 superaddendo
961 1207 985 1230 C
1002 1207 1035 1230 ed
1053 1207 1107 1230 M-
1122 1207 1256 1237 quaedam
1275 1215 1374 1239 graeca
1397 1207 1467 1230 111-Δ
1485 1215 1510 1237 t).
1529 1216 1656 1239 graecum
1679 1210 1713 1232 ΑΙ
1729 1222 1758 1226 —-
1785 1216 1821 1233 io.
1842 1208 1927 1233 Gran·-

106 1251 200 1268 corum
221 1245 257 1268 M
272 1257 283 1263 -
302 1243 465 1278 Domlnlcal
485 1246 644 1270 orationem
664 1247 775 1271 domini
797 1248 830 1275 C:
851 1248 983 1272 oratione
1003 1248 1121 1272 Domini
1142 1250 1177 1272 Μ
1192 1262 1202 1266 -
1222 1249 1366 1280 aloquitur
1381 1251 1447 1274 c—
1465 1257 1504 1276 ιι.
1519 1251 1594 1281 lmpu
1607 1251 1831 1275 anchonitanum
1846 1260 1926 1283 segur.-

105 1285 132 1310 in
152 1287 199 1310 M:
221 1285 290 1319 Cap.
310 1286 383 1311 xm.
421 1287 523 1311 Oratio
544 1288 644 1320 Legati

101 1374 233 1400 rassedio
254 1378 338 1407 posto
357 1376 392 1400 da
412 1376 560 1401 cristiano
580 1377 614 1401 nd
636 1376 770 1401 Ancona:
791 1378 809 1401 il
831 1377 927 1402 rifiuto
941 1379 986 1402 de-

100 1416 144 1449 gli
162 1416 338 1441 Anconitani
359 1417 387 1442 di
409 1426 580 1450 eonsegnnre
600 1418 831 1444 all'arvivescovo
847 1421 866 1444 il
884 1421 985 1452 legato.

101 1458 200 1483 Nicets
213 1458 265 1491 (ed.
280 1461 338 1488 cit..
352 1467 396 1492 pp.
412 1460 501 1492 πύξ-3)
516 1461 594 1492 paria
609 1464 768 1485 veramente
782 1461 811 1486 di
827 1460 875 1494 pii:
891 1463 985 1492 iegati.

99 1507 114 1524 e
134 1500 276 1526 Cinnamo
295 1501 350 1533 (ed.
370 1503 427 1530 cit..
448 1509 474 1534 p.
497 1503 558 1533 170)
577 1504 640 1526 nnzi
658 1510 691 1527 ne
704 1502 739 1527 dit
754 1504 762 1527 i
778 1505 855 1528 nomi
871 1504 896 1535 (“
910 1503 984 1529 Κων-

103 1543 116 1556 ‘¹
127 1544 270 1569 παντῑνύν
288 1551 316 1569 τε
335 1542 384 1569 τὸν
402 1542 504 1570 Ὤττον
523 1543 571 1570 καὶ
589 1543 726 1577 Ἀνδρέαν
750 1546 859 1578 κόμητα
871 1545 912 1577 „);
931 1548 983 1570 essi

99 1592 186 1610 erano
206 1587 273 1610 stati
295 1586 420 1610 mandati
436 1588 478 1610 sia
492 1594 540 1619 per
555 1587 713 1618 acquistare
730 1588 832 1611 fautori
849 1588 984 1619 all'impe-

100 1629 195 1652 ratore
215 1628 345 1652 Manuele
365 1630 407 1652 sia
427 1636 475 1661 per
487 1629 603 1660 giovnre
619 1631 646 1652 in
661 1630 796 1660 qualsiasi
809 1630 886 1654 altro
901 1630 985 1653 modo

99 1669 156 1694 alla
175 1676 256 1694 causa
276 1670 432 1698 bizuntina.
451 1678 529 1694 come
549 1671 572 1694 si
592 1671 711 1703 esprirne
731 1672 844 1695 Niceta:
861 1672 872 1683 “
884 1689 891 1696 .
958 1669 985 1696 οἱ

101 1709 175 1745 “μὲν
194 1710 244 1738 οὖν
262 1710 297 1737 τὰ
318 1710 389 1738 κατὰ
408 1711 515 1738 σκοπὸν
533 1711 711 1744 ἐῖεπέραινον
734 1712 782 1739 καὶ
806 1712 841 1738 τὰ
862 1712 985 1738 διατετα-

101 1754 114 1767 ‘'
123 1753 211 1787 γμένα
223 1753 318 1787 σφίσιν
336 1753 468 1780 ἐδίδοσαν
486 1754 592 1787 πέρατι,
606 1754 659 1781 εἴτε
673 1754 705 1781 τὸ
717 1755 756 1787 εἰς
769 1755 864 1788 φιλίαν
876 1755 985 1781 ἐκείνου

101 1795 170 1828 ‘'[=
182 1795 329 1830 Μανουῆλ]
350 1795 465 1823 ἑλκύσαι
483 1796 558 1828 τινὰς
576 1796 619 1830 ἦν.
639 1797 687 1829 οὓς
712 1797 815 1830 λιζίους
839 1797 933 1830 φασίν,
959 1797 985 1824 εἴ

99 1839 114 1853 ‘¹
125 1837 154 1865 τὲ
171 1847 196 1865 τι
214 1837 311 1871 ἕτερον
328 1838 480 1872 Ῥωμαίοις
498 1838 641 1872 ὠφέλιμον
652 1859 674 1871 m
694 1841 715 1864 il
736 1841 785 1864 che
798 1841 983 1873 corrisponde

97 1881 157 1906 ailo
176 1889 262 1914 scopo
276 1881 420 1906 affermato
435 1883 469 1906 da
483 1882 580 1912 Bone„
595 1882 607 1894 ‘⁴
620 1885 650 1907 ut
662 1885 836 1914 compararet
849 1883 982 1914 quasdam

99 1922 256 1948 “civitates
281 1926 309 1948 et
333 1924 408 1948 bona
434 1925 576 1955 civium„,
602 1926 647 1949 cui
674 1925 760 1949 Bone.
786 1926 911 1948 tuttavia
936 1932 982 1956 ag-

96 1967 201 1998 giunge
226 1966 256 1990 di
279 1973 345 1990 suo:
373 1965 424 1991 ''et
449 1967 555 1991 eisdem
581 1967 761 1999 postmodum
789 1975 841 1990 suo
867 1969 983 1991 nomine

99 2007 218 2032 “omnis
244 2008 370 2033 redderet
397 2010 426 2033 in
452 2009 564 2033 feudum
577 2028 600 2040 η.
635 2009 800 2033 Veramente
827 2009 847 2032 11
868 2010 982 2033 sistema

97 2050 208 2075 feudaie
222 2057 279 2075 non
293 2058 338 2074 era
353 2053 471 2083 proprio
485 2051 664 2084 dell'Impero
677 2050 838 2075 d'Oriente:
853 2051 982 2075 Manuele

98 2092 172 2117 forse
192 2093 293 2117 voleva
311 2094 421 2125 seguire
446 2093 518 2117 Puso
545 2094 594 2117 che
619 2094 654 2117 da
673 2094 760 2117 secoli
781 2093 931 2124 prevaleva
953 2094 982 2116 in

95 2133 189 2159 Italis.
226 2134 312 2159 Certo
332 2142 386 2159 con
409 2135 422 2147 ‘¹
432 2135 506 2159 bona
520 2136 625 2159 civium
638 2154 651 2166 η
666 2137 872 2167 contrapposto
885 2141 901 2158 a
918 2134 930 2146 ‘¹
942 2135 980 2158 ci-

99 2176 227 2201 ''vitates
238 2194 262 2207 η,
287 2184 316 2200 se
340 2184 392 2210 pur
419 2184 475 2201 non
501 2177 525 2200 si
550 2178 633 2201 tratti
659 2178 715 2207 (ma
734 2184 791 2201 non
812 2175 932 2207 sembra)
951 2177 979 2200 di

95 2218 271 2248 un’endiadi‚
290 2218 376 2242 Bone.
396 2220 418 2242 si
439 2218 566 2242 riferisce
585 2220 610 2242 ai
630 2219 696 2243 beni
716 2219 832 2252 privati.

183 2258 191 2275 ¹
211 2259 408 2292 Quest'elogio
428 2260 538 2284 rivolto
559 2261 593 2284 da
612 2260 699 2284 Bone.
719 2260 775 2291 agli
803 2259 981 2284 Anconitani

95 2301 282 2334 corrisponde
302 2310 316 2326 a
335 2303 442 2333 quanto
463 2302 554 2326 scrive
574 2303 602 2325 in
623 2302 686 2325 loro
712 2301 777 2326 lode
802 2302 901 2325 Niceta
927 2301 980 2332 (ed.

94 2344 152 2374 cit„
172 2351 197 2376 p.
218 2343 294 2374 264):
316 2343 329 2355 “
340 2342 406 2375 [τῶν
424 2342 613 2375 Ἀγκωνιτῶν]
631 2341 714 2376 φύσει
738 2341 770 2368 τὸ
788 2341 885 2369 πιστὸν
907 2341 981 2376 ἔχειν

96 2383 262 2416 ”δοξάντων
281 2383 328 2410 καὶ
353 2383 390 2418 μὴ
415 2383 486 2417 πρὸς
510 2383 542 2411 τὸ
567 2387 723 2418 συμπῖπτον
747 2386 796 2417 τῆς
819 2384 903 2418 τύχης
928 2384 978 2416 τὰς

96 2424 230 2460 “munuc
243 2425 489 2460 μετακυβεύεσθαι.
519 2425 592 2460 Εἴπῃ
606 2426 659 2459 γὰρ
672 2426 708 2453 ἄν
719 2434 759 2458 τις
772 2425 847 2458 ὅπως
859 2429 909 2452 τοῦ
929 2425 980 2460 μὲν

94 2468 106 2482 “
118 2467 151 2495 ἐκ
168 2471 299 2502 γειτόνων
316 2468 410 2500 αὐτοῖς
429 2468 568 2495 δυνάστου
586 2468 634 2495 καὶ
652 2467 802 2502 κατάρχειν
825 2467 978 2500 ἀξιωτέρου

95 2511 366 2545 ”παρηγκωνίσσ.ντο
385 2512 415 2537 τὸ
434 2510 578 2544 ἐπίταγμα,
597 2510 628 2543 ὃς
647 2509 721 2537 ἐστιν
739 2509 756 2537 ὁ
777 2511 832 2537 τῶν
857 2510 978 2544 'All-uua-

95 2552 174 2580 “vtiiv
192 2551 253 2587 ῥήξ,
272 2553 320 2580 τὸν
339 2552 371 2580 δὲ
391 2552 460 2587 μετὰ
477 2552 585 2586 πολλὴν
597 2551 787 2587 ὀπτανόμενον
798 2555 851 2586 γῆν
863 2551 911 2579 καὶ
923 2551 977 2586 ὅρη

94 2594 108 2608 ⁶¹
118 2594 247 2622 σκιόεντα
258 2595 404 2629 Ῥωμαίων
416 2595 524 2622 ἄνακτα
536 2594 726 2629 ἠγωτήκεσαν,
740 2595 764 2621 εἰ
779 2594 815 2628 μή
829 2604 869 2626 τις
882 2594 979 2626 αὐτοῖς

95 2635 292 2670 ’ἐμπεφυκυῖα
310 2636 346 2670 ἦν
363 2637 520 2670 αὐτόφυτος
538 2636 695 2670 συνείδησις
714 2635 842 2669 τάγαθοῦ
856 2635 909 2662 κάν
921 2639 979 2668 τοῖς

93 2678 107 2692 “
118 2678 219 2710 δεινοῖς
237 2678 376 2712 ὼττόητος
394 2678 514 2713 ὅρμησις
533 2678 581 2705 καὶ
598 2678 668 2711 πρὸς
687 2678 718 2705 τὸ
738 2680 792 2705 τῶν
809 2679 978 2712 πραγμάτων

95 2719 170 2754 ”οὒχ
187 2720 288 2755 ὅμοιον
305 2720 350 2748 ἀεὶ
369 2721 508 2756 βεβηκυῖα
533 2721 580 2748 καὶ
605 2720 641 2754 μὴ
668 2720 828 2753 εὒτίνακτος
839 2740 862 2753 ,,,
887 2729 902 2746 a
928 2723 977 2746 che

91 2763 216 2787 tuttavia
242 2764 401 2795 soggiunge
426 2771 440 2787 a
465 2765 560 2787 cai-ico
587 2763 663 2794 degli
689 2764 769 2786 stessi
795 2763 977 2786 Anconitani

92 2804 343 2830 un'insinuazione
361 2813 433 2838 poco
458 2807 620 2838 opportuna
646 2805 721 2836 dopo
746 2805 772 2828 le
797 2805 857 2828 lodi
884 2811 976 2836 prece-

91 2845 186 2870 denti:
207 2845 220 2859 “
231 2845 284 2878 Εἴη
303 2845 365 2872 δ’ἂν
382 2845 479 2878 ἕτερον
497 2845 605 2877 τούτοις
623 2845 675 2872 οὐκ
688 2844 881 2879 ἀρεσκόμενον
893 2844 976 2871 ἀνθυ-

93 2888 258 2921 “πενεγκεῖν
273 2886 311 2920 ὡς
328 2887 442 2922 ἥττονες
459 2887 538 2920 ὄντες
562 2887 680 2921 κέρδους
698 2887 726 2914 οἱ
745 2887 912 2920 Ἀγκωνῑται
929 2887 977 2914 καὶ

93 2927 314 2962 “ἆγυρτεύοντες
337 2930 386 2956 καὶ
408 2930 480 2964 πρὸς
504 2930 536 2957 τὸ
561 2930 656 2964 λαβεῖν
680 2933 759 2963 χεῖρα
784 2929 976 2962 προτείνοντες

94 2972 107 2985 “
116 2969 276 3005 ἀντέστησαν
294 2971 343 3006 μὲν
361 2975 410 2998 τοῦ
424 2972 491 3006 χθὲς
503 2981 532 2998 τε
545 2973 593 2999 καὶ
606 2971 704 3006 πρώην
717 2971 746 3004 ἐς
758 2971 884 3006 ἡγεμόνα
895 2974 976 3005 σφῶν

1042 1379 1054 1390 “
1066 1376 1298 1412 ἀποτεταγμένοι),
1318 1378 1406 1405 ὀπίσω
1420 1378 1644 1412 δ’ἐπορεύθησαν
1656 1380 1751 1411 ἄλλου,
1765 1380 1796 1412 ὃς
1809 1380 1925 1413 ἤνεγκεν

1041 1420 1053 1432 ‘¹
1065 1419 1158 1451 αὐτοῖς
1177 1420 1227 1453 τὴν
1246 1420 1395 1454 ἐπιθυμίαν
1416 1421 1463 1447 καὶ
1487 1421 1519 1447 τὸ
1544 1422 1698 1453 κερδαλέον
1722 1422 1769 1448 καὶ
1794 1422 1920 1455 κάπηλον

1041 1461 1236 1494 “ostenda-teum
1261 1465 1311 1488 τοῦ
1335 1463 1516 1496 φρονήματος
1528 1483 1551 1495 ,,.
1599 1466 1618 1488 11
1645 1464 1844 1498 Giangiaeomi
1871 1467 1923 1496 (op.

1039 1506 1091 1533 cit..
1113 1513 1138 1537 p.
1160 1512 1218 1537 273,
1239 1513 1264 1529 n.
1287 1506 1312 1537 ²)
1337 1508 1383 1537 qui
1410 1514 1522 1530 ossen-:i
1549 1508 1597 1531 vhe
1623 1507 1721 1531 Niceta
1748 1509 1923 1539 rimprovera

1037 1547 1096 1578 agli
1123 1547 1301 1571 Anconitani
1328 1548 1430 1572 l’avere
1456 1549 1591 1573 ssruttato
1612 1549 1757 1573 l'alleanza
1776 1550 1922 1574 bizuntina

1038 1588 1183 1612 facendosi
1211 1597 1313 1621 pagare
1340 1591 1364 1614 le
1383 1598 1458 1621 spese
1484 1591 1512 1614 di
1533 1599 1641 1623 guerra,
1661 1600 1674 1615 e
1694 1592 1742 1615 che
1763 1593 1781 1615 il
1804 1593 1923 1625 rimpro-

1039 1638 1104 1654 vero
1123 1630 1137 1655 ὲ
1164 1633 1298 1663 ingiusto,
1325 1631 1424 1664 perche
1449 1635 1502 1656 essi
1523 1634 1587 1657 anzi
1606 1636 1770 1657 sostennero
1792 1633 1922 1658 l'ussedio

1039 1680 1086 1704 per
1106 1681 1161 1696 non
1182 1681 1354 1706 consegnare
1375 1674 1394 1697 il
1415 1674 1509 1706 legato
1529 1683 1544 1698 o
1566 1676 1571 1698 i
1595 1675 1681 1706 legati
1707 1677 1779 1706 greci
1807 1684 1821 1699 e
1847 1684 1921 1699 man-

1039 1716 1139 1738 tenersi
1163 1715 1244 1739 fedeli
1261 1715 1452 1740 all'alleanza:
1469 1724 1511 1740 ma
1527 1720 1685 1741 veramente
1707 1718 1725 1740 il
1748 1719 1857 1741 motivo
1877 1718 1920 1741 del

1036 1758 1214 1789 rimprovero
1233 1757 1248 1782 ὲ
1266 1758 1402 1787 alquanto
1422 1759 1544 1787 diverso,
1565 1758 1663 1791 poiche
1685 1760 1783 1783 Niceta
1803 1760 1920 1783 biasima

1038 1799 1063 1823 la
1083 1799 1232 1824 defezione
1250 1801 1324 1833 degli
1346 1801 1533 1828 Αηςοηίῑοηί,
1553 1802 1630 1825 avidi
1645 1802 1674 1826 di
1687 1803 1845 1835 guadagno,
1862 1803 1920 1826 dal-

1036 1841 1228 1873 l'imperatore
1247 1842 1401 1870 d’Oriente.
1420 1850 1435 1866 e
1455 1850 1512 1866 non
1533 1843 1611 1875 paria
1632 1845 1832 1874 precisamente
1846 1844 1920 1867 della

1036 1883 1176 1907 risusione
1203 1884 1276 1908 delle
1302 1891 1387 1916 spese,
1412 1885 1458 1908 cui
1484 1891 1608 1908 accenna
1636 1887 1731 1909 invect·
1759 1886 1843 1908 Bone.
1870 1882 1919 1917 piis

1035 1927 1122 1952 sotto,
1141 1926 1276 1950 dicendo:
1305 1926 1386 1950 “....
1410 1926 1554 1957 quicquid.
1579 1927 1730 1950 occasione
1750 1927 1919 1955 obsidionis,

1038 1966 1050 1979 ‘⁴
1062 1969 1127 1990 ante
1142 1967 1185 1990 vel
1200 1970 1297 1998 postea
1312 1968 1488 1999 expenderet,
1505 1975 1590 1999 usque
1602 1968 1636 1991 ad
1653 1970 1838 1992 novissimum
1853 1975 1918 1999 qua-

1037 2008 1189 2033 “drantem
1215 2011 1342 2033 restituit
1367 2011 1509 2033 universis
1521 2027 1542 2039 ,,,
1567 2017 1645 2033 senza
1672 2011 1769 2034 ombra
1794 2011 1917 2034 tuttavia

1036 2051 1063 2074 di
1084 2051 1204 2075 biasimo
1224 2059 1271 2083 per
1289 2052 1331 2083 gli
1352 2052 1541 2077 Anconitani.
1563 2052 1592 2075 di
1618 2053 1661 2075 cui
1689 2053 1752 2076 anzi
1778 2053 1864 2075 esalta
1892 2052 1917 2075 la

1035 2091 1188 2117 liberalitai.

1121 2133 1132 2150 ²
1151 2135 1236 2159 Bone.
1251 2136 1365 2159 intende
1379 2135 1506 2167 spiegare
1521 2135 1548 2159 ia
1562 2135 1659 2168 parola
1673 2143 1756 2167 green
1771 2142 1822 2159 ron
1840 2135 1853 2147 ‘¹
1864 2135 1917 2159 sal-

1037 2175 1049 2188 “
1062 2178 1173 2200 vantem
1194 2174 1230 2210 [C
1247 2178 1280 2200 ed
1297 2177 1331 2200 Μ
1348 2175 1478 2209 salutem]
1497 2178 1636 2207 omnia„:
1656 2177 1682 2200 la
1709 2178 1804 2209 parole
1831 2180 1916 2201 tutta—

1033 2219 1080 2241 via
1101 2226 1156 2242 non
1176 2220 1198 2242 si
1220 2221 1302 2242 trova
1317 2218 1361 2242 nel
1376 2219 1517 2251 Ducange.
1547 2219 1631 2242 Bone.
1646 2218 1786 2250 l'adopera
1802 2220 1918 2242 insieme

1033 2268 1085 2283 con
1105 2261 1185 2288 altre.
1206 2268 1273 2291 pure
1291 2261 1397 2291 greche,
1425 2261 1621 2285 nell’Amicitia
1648 2260 1702 2291 (ed.
1728 2261 1785 2288 cit..
1811 2269 1837 2292 p.
1863 2259 1916 2292 86).

1033 2309 1081 2333 per
1101 2302 1228 2326 indicare
1248 2303 1255 2326 i
1277 2303 1355 2326 titoii
1376 2304 1420 2326 coi
1442 2303 1516 2334 quali
1539 2304 1640 2326 veniva
1660 2303 1816 2326 acclamato
1843 2302 1917 2326 l’im-

1033 2346 1161 2376 peratore
1180 2345 1343 2368 bizantino:
1367 2346 1377 2357 ‘⁴
1391 2344 1519 2368 Ceterum
1539 2345 1586 2368 ubi
1607 2347 1673 2368 sunt
1693 2344 1772 2368 milia
1793 2344 1916 2367 militum

1034 2384 1264 2417 “proclamantes
1285 2387 1468 2418 pollicronia,
1490 2386 1679 2418 ypyseiothes.
1707 2386 1916 2418 pantochir,

1034 2427 1253 2459 “invasilea?„.
1291 2426 1346 2455 Qui
1370 2429 1465 2452 inveee
1485 2429 1507 2452 si
1527 2429 1596 2452 deve
1615 2429 1731 2451 trattare
1750 2427 1777 2450 di
1799 2434 1854 2451 una
1875 2428 1915 2451 in-

1032 2472 1188 2494 vocazione
1208 2477 1224 2494 a
1242 2470 1301 2494 Dio
1321 2470 1420 2500 (anche
1440 2468 1538 2501 perche
1559 2470 1589 2493 in
1610 2470 1749 2493 relazione
1763 2476 1814 2493 con
1830 2469 1856 2493 la
1871 2476 1916 2500 pa-

1032 2513 1093 2536 rola
1113 2514 1246 2543 seguente
1267 2512 1278 2523 “
1291 2512 1405 2544 eleyson
1419 2520 1447 2542 „.·
1467 2520 1492 2535 v.
1512 2512 1538 2535 la
1560 2514 1628 2535 nota
1654 2511 1834 2542 successiva).
1863 2518 1914 2535 con
1946 2520 1959 2527 -

1031 2555 1118 2578 etimo
1138 2555 1250 2578 diverso
1270 2554 1304 2577 da
1324 2553 1418 2585 quello
1439 2553 1466 2577 di
1488 2553 1500 2565 '¹
1513 2551 1713 2584 παντοκράτωρ
1726 2571 1748 2582 „.
1775 2560 1818 2576 rna
1842 2553 1916 2576 forse

1031 2603 1083 2620 con
1104 2595 1264 2627 significato
1284 2596 1370 2620 affine.
1409 2594 1525 2622 Quanto
1540 2596 1587 2627 poi
1602 2595 1659 2619 alla
1673 2596 1853 2627 spiegazione
1867 2595 1915 2617 che

1031 2645 1065 2661 nc
1085 2637 1118 2662 da
1139 2639 1234 2668 Bone„
1256 2638 1383 2662 notiamo
1404 2638 1452 2661 rhe
1472 2638 1629 2667 “salx-are„
1649 2635 1662 2661 ὲ
1678 2637 1761 2660 verbo
1777 2637 1914 2660 inusitato

1031 2680 1076 2704 nel
1095 2680 1188 2704 latino
1208 2681 1336 2708 classico,
1355 2683 1462 2704 mentre
1482 2687 1553 2704 sono
1573 2680 1646 2703 usati
1674 2679 1828 2708 “salvere„
1853 2685 1868 2702 e
1893 2678 1914 2701 il

1029 2721 1242 2752 frequentativo
1269 2721 1418 2745 “salutare
1430 2737 1454 2751 η.
1490 2721 1528 2744 Di
1555 2720 1753 2752 “pantochir„
1782 2720 1802 2743 il
1828 2719 1915 2744 Gian-

1030 2764 1153 2794 giacomi
1171 2764 1224 2795 (op.
1243 2764 1296 2793 cit,⁷
1316 2771 1342 2795 p.
1363 2770 1422 2795 273,
1442 2771 1468 2786 n.
1489 2762 1516 2795 3)
1538 2762 1572 2786 dix
1597 2761 1813 2793 un‘etimologia
1840 2763 1914 2785 inac-

1029 2806 1170 2833 cettabile.
1190 2804 1288 2838 perche
1309 2807 1337 2828 in
1358 2808 1502 2829 contrasto
1522 2812 1574 2828 con
1595 2805 1621 2828 le
1641 2804 1733 2836 regole
1754 2806 1821 2827 note
1840 2804 1913 2827 sulla

1031 2847 1204 2871 formazione
1229 2847 1303 2871 delle
1328 2847 1424 2878 parole
1448 2846 1563 2877 greche;
1590 2852 1647 2869 non
1673 2847 1762 2877 saprei
1789 2845 1912 2869 tuttavia

1029 2889 1111 2920 quale
1130 2889 1202 2913 altra
1220 2889 1386 2920 etimologian
1406 2891 1517 2912 tros-are
1538 2889 1565 2911 in
1586 2887 1704 2911 cambio.

1117 2931 1128 2947 ³
1147 2932 1237 2956 Greco
1259 2929 1400 2963 “ἐλεήσον
1412 2949 1434 2960 η,
1454 2930 1506 2954 lat.
1527 2929 1540 2942 ⁸
1554 2931 1706 2959 miserere„
1727 2928 1752 2960 (e
1773 2936 1828 2952 non
1851 2928 1912 2951 “al—

1030 2973 1163 3003 Heium„
1183 2980 1260 2996 come
1281 2974 1435 3005 interpreta
1455 2973 1476 2996 11
1497 2971 1716 2999 Gmucmcom,
1735 2971 1753 2994 1.
1779 2978 1811 2999 c.‚
1831 2978 1857 2994 n.
1877 2969 1912 3002 4).

1954 1473 1987 1497 50

1951 1683 1981 1707 55

1948 1883 1982 1907 60
