2282 3502
93 1294 106 1319 5

77 1533 109 1551 10

79 1775 108 1802 ¹5

77 2020 111 2038 20

78 2263 110 2289 ²5

79 2505 113 2531 30

80 2750 111 2776 35

283 687 372 740 IN
433 685 1155 740 BONCOMPAGNI
1218 684 1823 737 FLORENTINI

736 809 893 845 Librum
920 809 961 844 de
988 809 1166 844 obsidione
1195 809 1368 843 Anconae

466 917 767 953 PRAEFATIO
798 916 1047 952 LUDOVICI
1076 915 1303 951 ANTONII
1333 915 1633 950 MURATORll

401 1239 553 1258 Poscunum
572 1233 632 1264 hoc,
649 1240 745 1266 nempe
759 1232 874 1256 Librum
889 1233 921 1256 cle
940 1233 1072 1256 obsidione
1084 1232 1215 1261 Anconae,
1231 1233 1362 1255 monente
1375 1230 1408 1255 V.
1427 1230 1598 1255 Clarissimo
1612 1231 1753 1264 Apostolo
1768 1231 1852 1258 Zeno.
1873 1231 1970 1260 didici,

417 1283 545 1314 superata
560 1283 715 1313 temporum
730 1281 877 1309 edacitate,
889 1281 978 1305 adhuc
993 1282 1094 1305 vivere.
1114 1281 1182 1314 Ejus
1195 1283 1287 1304 autem
1299 1280 1449 1304 obtinendi
1464 1279 1604 1303 desiderio
1615 1282 1702 1309 actus,
1717 1279 1824 1303 MStum
1836 1280 1968 1304 Codicem

418 1330 525 1354 tamdiu
539 1337 598 1354 sum
619 1331 744 1359 venatus,
763 1331 794 1353 ut
808 1329 928 1354 latebras
949 1329 1146 1359 intellexerim,
1166 1329 1214 1353 ubi
1234 1329 1257 1352 ls
1277 1335 1293 1352 a
1307 1328 1403 1352 multis
1417 1329 1499 1352 annis
1515 1328 1675 1351 servabatur
1692 1328 1851 1355 incolumis,
1863 1330 1889 1350 et
1905 1328 1968 1350 dum

420 1380 504 1409 insto,
519 1380 548 1402 ut
568 1378 710 1411 exemplar
731 1378 886 1410 impetrem,
906 1378 1048 1408 Philippus
1069 1378 1220 1409 Argelatus
1240 1379 1344 1407 noster,
1363 1378 1442 1410 cujus
1457 1376 1551 1400 ardori
1572 1383 1602 1399 ac
1623 1376 1768 1400 sedulitati
1791 1378 1869 1400 tanta
1889 1376 1969 1399 debet

136 1429 317 1454 collectionis
336 1429 418 1453 huius
438 1427 558 1452 illustris
572 1427 670 1457 editio,
684 1428 788 1451 certior
807 1434 821 1450 a
841 1434 883 1450 me
905 1426 1004 1457 tactus,
1021 1427 1112 1459 ipsum
1128 1426 1207 1450 illum
1222 1425 1357 1450 Codicem
1372 1432 1568 1457 pergamenum
1584 1425 1635 1448 sibi
1652 1425 1826 1456 procuravit,
1842 1425 1927 1447 immo
1942 1427 1969 1447 et

140 1478 211 1502 nulli
233 1485 348 1510 parcens
367 1477 460 1510 pretio
473 1483 552 1500 suurn
565 1475 664 1504 effecit,
678 1476 903 1509 descriptumque
922 1476 956 1500 ad
979 1484 1020 1499 ine
1033 1475 1172 1500 continuo
1187 1475 1274 1505 misit,
1289 1477 1319 1498 ut
1339 1475 1482 1498 liternriae
1496 1473 1687 1506 Reipublicae,
1701 1474 1811 1505 suisque
1830 1473 1970 1497 Palatinis

139 1526 230 1551 Sociis
251 1533 354 1551 novam
373 1526 444 1550 hanc
464 1525 615 1550 lectionem
628 1525 770 1549 exhiberet
789 1525 894 1549 amoris
913 1527 941 1549 et
959 1524 1087 1556 obsequii
1102 1525 1205 1556 pignus
1224 1526 1361 1556 perpetuo
1376 1523 1511 1547 futurum.
1550 1523 1682 1546 Vetustus
1702 1523 1784 1554 plane
1804 1522 1901 1546 Codex
1921 1525 1969 1546 cst.

140 1582 237 1608 nempe
255 1576 369 1600 clrciter
388 1575 464 1599 Ann.
487 1581 553 1606 1340
571 1574 702 1606 scriptus,
721 1574 832 1605 aliaque
852 1574 965 1605 insuper
987 1580 1044 1597 non
1064 1575 1143 1605 parvi
1160 1573 1294 1597 momenti
1315 1572 1458 1596 llistorica
1481 1571 1690 1603 complectitur,
1711 1571 1742 1594 de
1761 1572 1861 1602 quibus
1881 1578 1970 1594 sermo

142 1625 260 1649 sortasse
279 1624 409 1648 recurret.
444 1622 542 1654 Itaque
561 1630 643 1656 supra
663 1622 778 1647 laudato
798 1622 866 1646 Viro
888 1623 1067 1655 potissimum
1088 1621 1230 1645 habendae
1250 1621 1367 1652 gratiae,
1386 1620 1462 1652 quod
1482 1620 1587 1644 eximia
1609 1621 1696 1652 ipsius
1711 1619 1873 1650 diligentia,
1894 1620 1970 1651 Opu-

139 1673 245 1698 scuium
266 1673 351 1697 hocce
374 1679 447 1696 nunc
472 1672 569 1696 vivere
588 1671 721 1704 incipiat,
746 1673 773 1696 et
791 1671 903 1703 quidem
930 1670 1103 1703 Opusculum
1130 1671 1190 1694 vita
1217 1677 1247 1694 ac
1273 1670 1334 1694 luce
1359 1669 1567 1700 dIgnissimum.
1606 1668 1672 1692 lleic
1698 1668 1773 1691 enim
1794 1669 1842 1691 sub
1865 1668 1964 1691 oculos

140 1723 254 1746 nostros
274 1721 386 1745 sistitur
399 1721 515 1745 celebris
529 1720 707 1745 anconitanae
723 1721 803 1745 Urbis
816 1720 923 1750 obsidio,
937 1727 952 1743 a
972 1717 1136 1743 Fridericil
1157 1719 1247 1751 copiis
1268 1719 1298 1742 in
1314 1718 1419 1742 multos
1440 1724 1547 1741 menses
1561 1717 1706 1749 producta.
1744 1717 1856 1748 Duplex
1877 1719 1966 1740 autem

140 1770 276 1794 Anconae
289 1769 402 1794 obsidio
423 1769 497 1793 sacta
516 1771 557 1793 est
576 1769 625 1793 sub
645 1768 790 1793 Friderico
810 1768 831 1792 Ι.
867 1767 938 1792 Sunt
958 1768 1007 1800 qui
1027 1768 1146 1800 primam
1160 1767 1286 1791 referunt
1300 1767 1334 1790 ad
1355 1767 1469 1790 Annum
1487 1765 1563 1792 1166.
1578 1765 1623 1789 sed
1639 1766 1747 1788 Acerbo
1768 1765 1881 1789 Morena
1902 1767 1970 1788 teste

139 1819 299 1851 synchrono
318 1819 348 1842 in
362 1818 435 1842 nist.
454 1817 519 1842 Rer.
532 1817 671 1841 Laudens.
684 1817 745 1841 heic
765 1817 864 1841 itidem
879 1824 982 1847 recusa,
996 1816 1030 1840 ad
1044 1817 1255 1848 subsequentem
1269 1816 1384 1839 Annum
1401 1814 1465 1847 1167
1480 1816 1596 1846 spectat.
1634 1815 1741 1838 Auctor
1762 1814 1968 1837 vetustissimus

139 1867 222 1892 Vitae
240 1866 397 1891 Alexandri
417 1866 458 1891 111
476 1865 557 1890 Tom.
576 1865 616 1890 111
635 1865 699 1890 Rer.
717 1865 842 1890 Italicar.
862 1873 926 1897 pag.
945 1871 995 1897 457
1013 1865 1206 1890 Mediolanum
1227 1863 1434 1888 reaedificatum
1461 1865 1588 1893 testatur,
1608 1871 1681 1894 quum
1709 1863 1791 1886 adhuc
1811 1862 1969 1885 Fredericus

142 1917 293 1947 Imperator
311 1916 444 1941 obsideret
462 1916 604 1940 Anconam.
640 1915 729 1947 Atqui
748 1915 926 1948 exploratum
945 1916 996 1944 est,
1016 1914 1242 1938 Mediolanenses
1262 1913 1348 1937 Anno
1363 1915 1474 1937 tantum
1498 1911 1561 1943 1167
1583 1913 1611 1935 in
1637 1911 1771 1935 desertam
1791 1919 1822 1934 ac
1842 1911 1968 1934 attritam

140 1964 242 1989 Urbem
262 1972 338 1989 suam
360 1965 446 1989 tuisse
465 1971 614 1997 regressos.
650 1962 744 1992 Quare
762 1964 879 1988 minime
905 1964 966 1987 heic
985 1963 1152 1992 audiendus,
1177 1965 1208 1987 ut
1227 1963 1299 1986 alios
1320 1963 1500 1994 praeteream,
1526 1960 1596 1985 Otto
1616 1960 1649 1983 dc
1668 1960 1773 1984 Sancto
1793 1959 1898 1989 Blasio,
1919 1959 1966 1990 qui

141 2013 318 2038 obsidionem
337 2014 481 2042 Anconae,
499 2015 527 2038 et
539 2013 645 2037 Romae
664 2012 699 2037 ad
718 2013 834 2037 Annum
854 2012 1065 2045 praecedentem
1085 2012 1179 2036 refert.
1215 2011 1303 2035 Immo
1323 2013 1349 2034 et
1369 2012 1448 2034 caute
1467 2009 1552 2033 etiam
1573 2009 1633 2032 illic
1654 2008 1818 2035 audiendus,
1837 2008 1884 2031 ubi
1904 2008 1969 2031 haec

139 2062 254 2087 scribit:
273 2062 356 2095 hujus
374 2061 459 2086 Tomi
478 2061 532 2086 col.
553 2060 614 2093 878.
649 2061 730 2092 Apud
749 2061 881 2085 Anconam
907 2060 1019 2088 Caesar,
1039 2064 1066 2084 et
1084 2061 1165 2084 omnis
1186 2060 1330 2084 exercitus:
1351 2059 1456 2083 Ancona
1475 2058 1601 2081 dedititia
1614 2057 1712 2089 sacta:
1733 2058 1819 2080 solnta
1839 2057 1970 2079 obsidione

140 2114 232 2136 contra
257 2111 350 2136 Urbem
369 2111 451 2141 copiis
469 2111 586 2135 tendunt.
623 2111 667 2134 Ab
686 2110 730 2134 his
749 2112 822 2134 certe
841 2110 973 2134 abludere
992 2109 1109 2133 minime
1130 2109 1242 2132 videtur
1262 2115 1345 2140 supra
1373 2109 1542 2131 memoratus
1563 2106 1685 2130 Acerbus
1707 2106 1828 2132 Morena,
1848 2105 1876 2128 in
1903 2105 1969 2128 haec

141 2160 224 2184 verba
243 2159 378 2191 loquens:
397 2159 502 2184 Deinde
521 2159 559 2183 od
579 2159 723 2183 Civitatem
743 2160 865 2183 Anconae
879 2159 1012 2189 perrexit,
1032 2162 1058 2182 et
1075 2167 1132 2182 eam
1152 2161 1248 2188 capere
1262 2158 1362 2186 volens,
1376 2156 1488 2185 sortiter
1502 2159 1675 2186 expugnavit.
1714 2155 1768 2177 Sed
1779 2154 1840 2184 quia
1863 2154 1968 2177 Civitas

134 2208 222 2241 sortis
241 2212 301 2232 erat
320 2209 408 2239 valde,
428 2211 455 2232 et
473 2208 553 2232 etiam
571 2208 634 2231 bene
652 2211 768 2238 murata,
789 2208 870 2232 Cives
889 2208 973 2238 ipsius
991 2216 1049 2231 eam
1062 2207 1184 2231 viriliter
1197 2206 1384 2238 defenderunt.
1423 2205 1478 2230 Sed
1495 2208 1580 2227 tamen
1598 2202 1798 2235 quamplurimis
1818 2211 1846 2225 ex
1860 2202 1897 2225 eis
1917 2203 1971 2225 vul-

141 2257 251 2284 aeratis.
270 2258 408 2288 multisque
427 2256 536 2280 mortuis
555 2260 581 2280 et
599 2257 677 2280 etiam
697 2257 792 2287 captis,
810 2265 866 2281 cum
895 2256 1061 2287 Imperatore
1073 2255 1173 2288 foedus
1193 2255 1318 2283 inierunt,
1343 2262 1467 2285 magnam
1486 2253 1539 2277 sibi
1551 2252 1689 2282 peruniam
1711 2252 1904 2282 promittentes,
1918 2254 1970 2280 pro

141 2314 191 2337 quo
209 2306 261 2330 sibi
277 2305 404 2329 solvenda
420 2305 446 2328 ei
462 2305 607 2336 quindecim
627 2305 728 2328 obsides
746 2305 928 2329 tradiderunt.
967 2305 1024 2329 Hoc
1043 2312 1107 2328 vero
1126 2304 1236 2332 foedere
1255 2303 1328 2331 inito,
1352 2303 1500 2332 Imperator
1518 2301 1580 2324 inde
1598 2301 1727 2330 recedens,
1749 2308 1840 2323 versus
1861 2300 1969 2322 Romam

140 2355 211 2385 cepit
229 2355 290 2379 iter.
327 2355 429 2378 Verum
448 2354 532 2386 longe
552 2353 651 2383 differt,
667 2353 865 2378 Aneonitanos
879 2353 1038 2378 deditionem
1059 2353 1166 2382 fecisse,
1186 2352 1260 2383 quod
1275 2351 1357 2375 habet
1371 2349 1441 2374 otto
1455 2349 1665 2379 Sanblasianus,
1679 2352 1761 2380 atque
1781 2349 1857 2380 ipsos
1870 2347 1969 2379 sacrius

141 2403 232 2428 iniisse
248 2410 312 2427 cum
329 2402 510 2436 Imperatore,
524 2403 643 2435 pecunia
663 2402 767 2429 oblata.
787 2403 818 2427 ut
837 2409 865 2426 se
878 2409 894 2426 a
913 2403 1054 2435 praesenti
1070 2401 1234 2426 discrimine
1248 2400 1426 2429 redimerent,
1445 2398 1520 2430 quod
1530 2398 1645 2422 Merena
1659 2397 1826 2422 (iiistoricus
1840 2397 1965 2428 gravior,

141 2452 246 2484 quippe
263 2451 381 2476 Italicus
400 2453 427 2476 et
447 2449 633 2484 synchronus)
653 2452 784 2475 testatur.

229 2500 326 2525 Altera
345 2500 491 2533 expeditio
511 2500 541 2523 in
561 2499 770 2529 Anconitanos,
788 2500 902 2532 ejusque
920 2499 1058 2524 Civitatis
1077 2497 1200 2527 obsidio,
1225 2504 1307 2529 quam
1333 2496 1501 2528 descriptam
1527 2502 1543 2519 a
1568 2495 1785 2526 Boncompagno
1812 2500 1883 2516 nunc
1910 2499 1967 2515 sum

141 2549 277 2578 editurus,
296 2551 423 2574 accurate
442 2557 457 2573 a
477 2549 598 2580 Sigonio
619 2550 718 2572 nostro
738 2548 799 2572 Lib.
820 2555 852 2579 14
872 2547 905 2572 de
929 2548 1017 2580 Regn.
1037 2547 1100 2572 Ital.
1121 2547 1250 2571 coniecta
1275 2547 1317 2570 est
1337 2546 1366 2569 in
1393 2545 1506 2568 Annum
1525 2550 1589 2575 117²
1609 2546 1635 2567 et
1654 2544 1703 2567 sub
1723 2542 1888 2566 Christiano
1909 2541 1967 2564 310-

141 2599 265 2630 guntino
285 2597 508 2631 Arehiepiscopo
533 2596 663 2622 Caesarei
682 2597 821 2621 exercitus
840 2595 957 2629 Legato,
977 2597 1037 2620 sive
1061 2597 1146 2626 Duce,
1173 2597 1285 2628 peracta
1306 2595 1370 2618 tuit.
1407 2594 1478 2617 Haec
1498 2593 1531 2616 de
1549 2599 1579 2616 ea
1599 2592 1679 2616 habet
1705 2591 1834 2615 Sicardus
1855 2589 1966 2613 Cremo-

143 2647 238 2671 nensis
255 2646 420 2679 Episcopus,
440 2654 536 2671 eorum
550 2648 708 2678 temporum
721 2644 857 2678 Scriptor‚
875 2646 905 2669 in
920 2645 1065 2670 Chronico
1079 2644 1159 2669 MSto
1173 2644 1249 2668 infra
1269 2642 1445 2674 evulgando:
1459 2643 1533 2665 Auno
1547 2641 1655 2665 Domini
1673 2639 1854 2664 MCLXXH.
1891 2639 1968 2662 Chri·

142 2696 243 2719 stianus
261 2695 533 2725 Archicancellarius,
551 2695 598 2726 qui
615 2698 677 2718 erat
695 2694 916 2725 Archiepiscopus
935 2694 1123 2726 Alaguntinus,
1148 2693 1281 2717 Anconam
1308 2700 1363 2715 cum
1398 2691 1499 2714 Venetis
1517 2690 1625 2718 obsedit,
1644 2693 1668 2712 et
1687 2689 1712 2712 in
1737 2692 1835 2711 tantum
1855 2688 1965 2710 obsessos

143 2744 273 2774 arctavit,
292 2748 320 2768 ut
339 2744 485 2768 inmundas
503 2751 598 2768 carnes
617 2747 644 2767 et
661 2743 734 2767 coria
754 2743 868 2773 condita,
894 2746 1035 2774 ceteraque
1059 2743 1167 2772 illicita,
1192 2743 1238 2765 vel
1256 2740 1387 2764 immunda
1407 2740 1572 2763 comederent
1595 2739 1645 2761 ete.
1691 2737 1784 2760 Tamen
1805 2736 1882 2758 ctiam
1904 2735 1970 2758 victi

145 2792 266 2816 viriliter
285 2793 450 2823 restiterunt,
472 2796 499 2816 et
517 2793 684 2825 refocillatos
704 2800 720 2815 a
741 2792 867 2815 Manuele
889 2791 1179 2821 Constantinopolitano
1189 2789 1318 2820 pecuniae
1332 2788 1464 2811 thesauris
1477 2787 1510 2810 de
1523 2786 1639 2809 manibus
1648 2785 1825 2815 persecutoris
1839 2783 1968 2806 liberavit

145 2849 187 2864 eos
200 2841 336 2865 Dominus.
372 2840 501 2873 Ejusdem
513 2847 624 2872 quoque
637 2839 797 2864 obsidionis
810 2839 940 2863 meminit
953 2838 1128 2863 Romualdus
1142 2838 1335 2862 Salernitanus
1350 2835 1586 2866 Archiepiscopus
1599 2834 1627 2856 in
1643 2832 1786 2856 Chronico
1801 2831 1856 2854 MS.
1871 2830 1967 2853 itidem

144 2889 206 2913 heic
224 2889 352 2921 legendo,
371 2890 446 2914 inter
464 2891 555 2913 cetera
574 2889 712 2913 scribens:
729 2888 869 2912 Comitissa
883 2888 915 2912 de
937 2889 1105 2912 Berthenora
1125 2895 1178 2910 cum
1201 2885 1342 2909 Gm‘lielmo
1361 2885 1392 2907 de
1415 2883 1573 2906 Markisella
1588 2881 1759 2905 Ferrariensi
1773 2879 1892 2907 Catonia,
1911 2887 1964 2901 cum

146 2946 245 2970 magna
258 2938 426 2962 multitudine
439 2938 550 2962 militum
564 2941 592 2961 et
597 2938 718 2968 peditum
737 2937 775 2961 ad
785 2945 933 2961 succursum
947 2937 1063 2968 ejusdem
1080 2936 1209 2960 Civitatis
1223 2934 1352 2958 veniebat.
1390 2932 1441 2956 Sed
1461 2938 1525 2963 prae
1538 2930 1635 2954 ceteris
1655 2928 1808 2953 audiendus
1829 2928 1888 2950 heic
1910 2926 1966 2949 An-
