2282 3502
111 187 161 222 [Α.
181 187 274 223 12011

1887 187 1932 219 53

111 312 333 344 anchonitani
368 313 499 354 legatos
535 313 734 352 Bononiam,
773 314 830 356 qui
870 314 1041 355 prefatum
1076 314 1259 355 Ugolinum
1295 315 1495 346 Anclionam
1529 316 1658 347 ducere
1692 323 1929 357 properarent.

112 365 199 398 Cum
223 371 335 397 autem
361 367 452 407 quod
478 366 528 397 eis
552 366 738 398 iniunctum
765 367 879 398 fuerat
895 367 1055 408 prosequi
1073 367 1260 404 studerent,
1280 367 1515 399 Bononienses
1532 376 1563 399 et
1581 379 1699 400 omnes
1716 369 1938 400 Romaniolos

110 419 200 450 inter
223 418 422 450 Faventiam
447 425 479 450 et
504 419 689 451 Forlivium
714 421 747 451 in
773 420 925 452 exercitu
951 426 1165 461 repererunt,
1190 421 1246 451 ubi
1273 431 1360 457 eum,
1386 421 1477 451 facta
1509 421 1636 452 celebri
1669 422 1842 457 contione,
1873 422 1938 452 sol-

111 471 292 513 lempniter
316 471 479 514 petivere.
527 472 595 510 Qui
621 473 699 504 dum
725 484 744 504 a
768 478 936 514 potestate
962 472 1227 504 Bononiensium
1252 479 1286 504 et
1309 473 1352 504 ab
1380 474 1601 505 universitate·
1619 474 1760 505 militum
1779 486 1820 506 ac
1838 476 1939 506 totius

69 524 87 556 5
113 524 242 566 populi,
266 530 302 556 ut
325 524 511 556 dominium
535 525 716 567 reciperet,
742 531 936 567 cogeretur,
960 525 992 556 in
1019 525 1093 567 ipsa
1118 526 1278 557 contione
1303 526 1624 558 commendabiliter
1652 528 1834 568 peroravit,
1860 538 1937 569 pro·

112 577 226 610 bando
251 577 433 609 rethoricis
456 579 664 620 argumentis
687 579 780 620 quod
804 578 947 610 alicuius
971 578 1120 610 civitatis
1143 579 1285 610 offitium
1309 580 1363 610 vel
1388 579 1573 610 dominium
1601 581 1755 620 recipe-re
1780 591 1846 611 non
1879 581 1937 612 de·

110 629 223 662 bebat.
269 631 377 663 Cuius
400 631 587 663 orationem
614 638 706 670 tunc,
730 633 805 673 ipso
829 632 1001 663 referente
1018 631 1038 669 ¹,
1069 631 1201 667 audivi;
1237 633 1326 663 unde
1360 632 1450 663 illam
1484 632 1559 664 huic
1592 634 1687 674 operi
1720 634 1937 665 conscribere

111 683 306 726 procuravi.
350 683 528 716 Orationis
550 694 635 716 vero
660 690 759 716 tenor
782 684 840 717 hic
865 685 946 716 fuit:

205 736 331 769 “Licet
354 738 398 769 de
422 738 574 779 generati
600 739 852 771 consuetudine
877 739 1068 779 procedere
1101 739 1270 775 videatur,
1300 739 1392 780 quod
1416 739 1451 770 in
1483 750 1542 770 sue
1575 740 1741 771 orationis
1772 741 1940 782 principio

50 791 87 822 10
112 789 256 833 quilibet
279 790 322 822 ab
346 790 560 823 auditoribus
583 791 795 823 audientiam
827 797 981 833 querant,
1013 791 1117 823 michi
1149 798 1261 823 tamen
1294 792 1430 824 videtur
1460 802 1559 833 posse
1591 792 1718 834 absque
1751 793 1935 824 dicentium

107 843 294 885 preiuditio
317 843 436 881 taceri,
453 845 613 887 quoniam
630 854 790 887 expresse
806 844 941 876 videtur
957 845 1166 877 audientiam
1183 845 1358 886 postulare
1375 846 1433 888 qui
1450 856 1485 876 se
1504 852 1664 888 preparat
1681 846 1725 877 ad
1743 846 1936 883 dicendum,

109 902 144 929 et
167 896 369 938 expressius,
394 907 470 928 cum
495 897 610 929 dicere
636 898 759 939 incipit
783 897 875 940 quod
901 903 1069 939 peroptat.
1118 898 1246 930 Verum
1272 898 1351 940 quia
1376 909 1444 930 non
1477 905 1526 930 est
1559 899 1662 930 facile
1694 900 1935 930 consuetudini

115 949 323 992 “refragari,
347 949 469 986 audiri,
491 949 581 982 sicut
604 950 709 982 moris
733 956 793 987 est,
816 950 962 992 postule,
986 957 1020 981 et
1044 950 1188 993 intelligi
1215 952 1418 992 propensius
1442 951 1662 993 concupisco,
1694 953 1852 994 quoniam
1879 953 1934 994 qui

115 1001 281 1034 “auditur
304 1008 339 1034 et
362 1013 428 1034 non
453 1003 665 1046 intelligitur,
690 1004 828 1036 domum
853 1003 1016 1035 hediticat
1039 1014 1142 1045 super
1165 1013 1314 1041 arenam,
1339 1011 1372 1036 et
1396 1004 1593 1036 albedinem
1619 1004 1650 1035 in
1676 1005 1823 1046 Ethiope
1857 1016 1937 1036 con-

49 1054 85 1087 15
116 1056 338 1098 “templatun
386 1055 509 1088 Audiri
533 1061 646 1088 tamen
670 1057 821 1098 deposco
845 1057 1016 1094 attentius,
1041 1057 1120 1099 quia
1143 1067 1209 1089 non
1235 1068 1317 1099 sepe
1335 1058 1497 1089 consuevi
1515 1068 1653 1100 surgere
1670 1058 1702 1089 in
1721 1059 1938 1090 contionibus

115 1109 329 1141 “locuturus
376 1109 523 1141 Tirones
546 1110 648 1146 enim,
672 1120 876 1152 quamquam
899 1110 967 1142 sint
991 1110 1134 1142 animosi
1166 1110 1359 1151 plurimum,
1391 1111 1538 1152 primum
1571 1118 1603 1143 et
1635 1112 1822 1143 secundum
1855 1123 1936 1143 con-

114 1163 292 1205 “gressum
317 1162 417 1204 prelii
441 1168 613 1200 verentur,
638 1168 672 1194 et
694 1163 751 1205 qui
776 1163 937 1206 navigare
953 1163 1136 1205 incipiunt,
1152 1163 1262 1195 undas
1278 1164 1432 1195 minimas
1449 1164 1703 1206 pertimescunt.
1751 1164 1822 1195 Vos
1839 1165 1940 1206 igitur

115 1215 289 1257 “supplici
313 1225 419 1257 prece
443 1215 606 1257 deposco,
629 1221 665 1247 ut
689 1216 806 1248 audire
829 1216 941 1248 velitis
966 1223 999 1248 et
1024 1216 1216 1258 intelligere
1240 1227 1304 1259 que
1329 1223 1440 1248 vestre
1464 1217 1691 1259 magnitudini
1722 1228 1741 1248 a
1772 1218 1939 1259 parvitate

112 1268 217 1300 “mea
240 1268 391 1301 breviter
414 1275 660 1310 proponentur.
707 1269 812 1301 Scitis
834 1269 1005 1312 equidem,
1030 1269 1123 1312 quod
1148 1279 1299 1301 meorum
1324 1276 1576 1302 antecessorum
1602 1270 1693 1302 fama
1717 1269 1841 1312 ubique
1873 1277 1939 1302 ter-

116 1323 268 1359 “rarum,
292 1327 435 1364 propter
458 1321 605 1354 scientie
631 1322 913 1365 magnitudinem,
939 1323 1086 1354 celebris
1109 1323 1219 1355 extitit
1243 1329 1277 1354 et
1308 1323 1443 1354 festiva.
1490 1322 1654 1355 Remansi
1685 1323 1823 1355 tandem
1855 1324 1940 1355 sicut

116 1377 130 1391 “
144 1375 272 1407 rivulus
296 1386 316 1407 a
338 1375 492 1407 fontibus
514 1376 751 1418 progrediens,
775 1376 819 1408 ob
843 1387 942 1418 quam
969 1386 1104 1408 causam
1131 1377 1174 1408 de
1197 1376 1346 1418 propriis
1369 1383 1403 1408 et
1427 1377 1545 1408 alienis
1561 1377 1665 1408 multa
1683 1377 1786 1408 michi
1803 1377 1941 1419 negotia

115 1427 469 1469 “superin'cumbunt.
516 1428 682 1460 Preterea
705 1429 841 1471 suscepi
865 1439 974 1471 nuper
998 1429 1119 1461 militie
1152 1430 1326 1473 cingulum
1341 1429 1364 1466 ²,
1395 1430 1488 1461 unde
1519 1429 1794 1471 provectioribus
1827 1431 1938 1462 adhuc

116 1479 282 1513 “subesse
307 1480 418 1513 debeo
443 1487 477 1513 et
502 1491 569 1513 non
593 1481 723 1513 civitati
746 1482 849 1514 alicui
871 1482 1046 1524 potestari.
1093 1482 1181 1514 Nam
1206 1482 1239 1514 in
1264 1482 1324 1514 illo
1348 1483 1404 1525 qui
1428 1482 1602 1524 preficitur
1626 1483 1728 1515 debet
1759 1493 1832 1514 esse
1863 1494 1940 1525 per-

115 1535 129 1551 “
142 1533 238 1566 fecta
262 1540 343 1574 etas,
367 1544 498 1566 morum
523 1535 684 1567 honestas
709 1541 742 1567 et
765 1535 934 1578 sapientia
959 1535 1193 1578 comprobata;
1211 1536 1272 1568 sed
1289 1537 1449 1568 iuvenilis
1465 1536 1616 1568 conditio
1634 1536 1792 1568 flexibilis
1808 1543 1857 1567 est
1873 1547 1940 1569 non

117 1587 317 1621 “modicum
341 1593 375 1619 et
398 1588 567 1629 procliva,
592 1598 658 1620 nec
682 1588 772 1620 inest
795 1588 825 1620 ei
850 1595 946 1621 tanta
968 1589 1130 1632 gravitas,
1155 1589 1248 1631 quod
1279 1589 1518 1621 excedentium
1552 1589 1723 1623 levitatem
1754 1590 1939 1630 reprimere

117 1641 256 1683 “queat
304 1640 364 1672 Est
388 1647 422 1673 et
444 1641 511 1673 alia
535 1642 729 1674 necessaria
753 1642 851 1678 ratio,
875 1652 940 1684 que
966 1653 1019 1674 me
1044 1642 1087 1674 ab
1112 1642 1178 1674 hoc
1201 1643 1380 1684 proposito
1404 1643 1566 1679 retrahit3
1591 1652 1656 1674 nec
1681 1648 1794 1683 potest
1817 1642 1940 1684 aliquis

117 1693 394 1727 “rationabiliter
428 1695 679 1727 contravenire.
726 1695 876 1727 Militavi
906 1694 1077 1738 siquidem
1108 1695 1172 1727 sub
1203 1695 1419 1727 senatoribus
1452 1695 1629 1737 sapientie,
1664 1696 1746 1726 iuris
1776 1695 1941 1727 videlicet

117 1747 276 1789 “per-itis,
299 1747 514 1780 addiscendo
538 1748 612 1779 iura
635 1747 751 1779 civilia
774 1753 811 1780 ut
834 1754 967 1790 patrum
992 1748 1138 1791 vestigia
1161 1748 1331 1785 imitarer;
1356 1753 1390 1780 et
1415 1749 1564 1780 nondum
1590 1749 1708 1791 elapso
1733 1748 1831 1780 unius
1861 1749 1940 1780 anni

43 1321 86 1353 20

45 1586 87 1620 25

202 1859 227 1885 6.
246 1860 392 1885 dominum
413 1862 440 1885 P
457 1874 489 1878 —
513 1867 550 1893 17.
571 1862 688 1886 minime
716 1862 784 1886 V—
807 1861 846 1886 18.
865 1861 975 1885 vellitis
1003 1861 1026 1884 V
1041 1873 1071 1878 —
1092 1867 1134 1885 20.
1153 1861 1257 1885 festina
1283 1861 1306 1885 V
1322 1874 1354 1879 —·
1374 1867 1414 1891 25.
1434 1861 1565 1894 proclina
1593 1861 1659 1884 V—
1683 1859 1723 1884 26.
1744 1862 1889 1892 preposito
1920 1860 1946 1883 V

115 1915 147 1920 —
167 1908 209 1934 27.
229 1901 310 1935 iuris]
330 1904 401 1927 viris
421 1904 449 1927 P
465 1912 478 1927 ε
503 1903 528 1926 V
542 1918 573 1922 —
594 1903 634 1927 28.
655 1904 796 1928 lmittarer
820 1904 844 1928 V

57 2289 88 2306 10

57 2500 87 2526 1⁵

57 2707 91 2726 20

58 2918 91 2944 ²5

116 1997 212 2023 19¹·33
232 1990 392 2021 anzs‘r‘n,
412 1991 430 2016 1.
445 1991 493 2023 c.)=
508 2000 549 2016 ma
565 1993 585 2016 il
601 1992 743 2016 Gaudenzi
758 1991 810 2023 (op.
825 1993 878 2022 cit.⁷
892 2000 918 2025 p,
936 1992 1002 2023 132),

113 2032 268 2057 basandosi
287 2040 319 2057 su
338 2036 444 2065 quanto
464 2033 478 2058 ὲ
498 2035 575 2059 detto
589 2035 617 2058 di
639 2035 678 2058 lui
701 2034 774 2058 nella
794 2035 890 2066 poesia
913 2034 1001 2058 rlcor-

115 2075 181 2100 data
202 2075 278 2100 nella
305 2078 374 2100 nota
403 2077 570 2108 precedente
601 2076 629 2107 (“
641 2078 717 2102 inter
748 2077 839 2109 legum
871 2077 1002 2101 dominos

114 2118 294 2149 “quartus
315 2119 479 2143 nominatur
489 2118 524 2151 n),
545 2119 654 2144 afferma
673 2119 826 2143 senz'altro
845 2119 946 2151 ch'egli
959 2126 1001 2142 so-

115 2158 197 2183 stitul
212 2158 234 2182 il
254 2159 340 2191 padre
353 2160 648 2193 nell'insegnamento,
668 2161 868 2191 prendendone
882 2161 902 2184 il
917 2162 1001 2192 posto

115 2201 160 2225 nel
180 2208 311 2225 consesso
331 2202 376 2226 dei
397 2204 510 2234 quattro
531 2204 630 2227 famosi
652 2203 770 2228 dottori.

202 2242 213 2259 ⁵
232 2243 280 2268 Gli
296 2244 493 2269 ambasciatori
513 2246 692 2274 anconitani,
712 2245 818 2270 inviati
835 2254 848 2270 a
864 2245 1001 2278 Bologna,

115 2286 289 2310 incontrano
309 2285 449 2311 l’esercito
473 2288 628 2319 bolognese
647 2295 700 2312 con
722 2288 762 2319 gli
781 2288 879 2312 alleati
901 2289 928 2312 di
949 2287 1004 2312 Ro-

114 2334 216 2360 msgna
235 2330 279 2352 tra
298 2328 404 2353 Faenza
423 2337 437 2353 e
456 2328 545 2357 Forll,
570 2331 650 2361 quivi
677 2332 842 2362 accampato
872 2332 973 2354 contro
995 2331 1001 2353 i

115 2369 267 2399 ForHvesi,
296 2371 372 2394 nella
401 2372 492 2403 prima
522 2369 595 2395 metit
626 2371 768 2396 d’ottobre
796 2371 840 2396 del
864 2379 942 2396 1201:
968 2371 1002 2396 cf.

119 2411 220 2442 Corpus
247 2413 341 2437 Clu-on.
371 2414 527 2438 Bononiens.
555 2415 584 2438 in
613 2416 712 2444 questa
738 2414 878 2444 Raccolta,
904 2414 1004 2443 XVIII,

115 2455 195 2486 parte
213 2460 232 2485 1,
247 2462 292 2487 pp.
312 2454 391 2487 65-63
412 2455 542 2486 SAviom,
562 2459 602 2486 op.
622 2456 676 2486 cin,
690 2455 724 2486 11,
744 2458 823 2488 parte
837 2462 856 2484 1,
876 2463 922 2488 pp.
942 2463 1004 2488 247-

116 2495 160 2527 48.
197 2495 219 2519 E
238 2495 305 2528 pero
325 2497 473 2521 l’elezione
499 2498 529 2521 di
549 2497 677 2529 Ugolino
698 2504 714 2521 a
733 2496 851 2530 podesta
877 2505 1005 2522 avvenne

117 2538 300 2563 nell'ottobre
325 2539 370 2563 del
398 2546 463 2564 120¹
493 2540 541 2571 (cf.
567 2540 786 2570 Ginsoucom,
812 2544 853 2570 op.
878 2541 932 2570 cit.‚
958 2549 1003 2573 pp.

117 2579 237 2613 3³8-4⁰)-

206 2621 215 2638 ¹
234 2623 257 2647 Il
278 2624 363 2648 verbo
382 2625 501 2657 referre,
521 2625 566 2648 nel
580 2625 708 2648 dIscorso
729 2624 755 2648 di
777 2624 922 2649 Adelardo
935 2625 1007 2650 Mar-

118 2664 239 2688 chesella
265 2666 302 2697 (p.
322 2672 364 2697 30,
385 2667 403 2690 1.
425 2666 476 2699 11),
495 2667 531 2690 ha
553 2667 784 2690 indubbiamente
803 2667 824 2690 il
845 2667 1006 2699 significato

118 2705 147 2729 di
170 2705 250 2730 “dire
261 2725 283 2738 ,„
306 2706 319 2718 ‘⁴
331 2708 523 2739 pronunziare
534 2726 558 2738 η,
571 2716 586 2732 e
606 2715 663 2732 non
684 2706 732 2739 gia
745 2708 839 2739 quello
853 2709 881 2732 di
896 2709 1007 2740 “ripor-

121 2747 134 2759 ‘¹
146 2750 205 2772 tare
216 2766 239 2779 η.
276 2748 298 2772 Ε
317 2749 392 2781 pero,
407 2750 482 2774 delle
495 2751 547 2774 due
560 2751 798 2782 interpretazioni
817 2751 861 2774 cui
877 2752 900 2774 si
914 2753 1007 2784 presta

119 2789 148 2814 la
167 2790 240 2814 frase
262 2792 350 2823 “ipso
370 2793 506 2817 referente
518 2811 542 2823 η,
563 2793 612 2817 che
635 2791 697 2816 cioe
717 2793 844 2824 Ugolino
869 2793 952 2817 abbia
970 2794 1007 2816 ri-

118 2831 214 2861 ferito,
234 2834 378 2858 tornando
399 2842 413 2858 a
432 2835 572 2867 Bologna,
599 2835 620 2858 il
644 2843 695 2858 suo
723 2835 851 2859 discorso
872 2842 886 2858 a
911 2835 1008 2865 Bonc.,

120 2882 227 2906 oppure
247 2875 296 2899 che
314 2878 404 2907 questi
421 2876 449 2900 lo
462 2877 545 2900 abbia
559 2878 665 2901 sentito
680 2877 871 2910 pronunziare
890 2877 1007 2901 dinanzi

119 2916 300 2946 all’esercito,
321 2918 394 2942 nelle
413 2919 459 2942 cui
479 2919 524 2943 file
543 2920 599 2951 egli
622 2921 710 2942 stesso
729 2919 753 2942 si
773 2921 901 2947 trovava,
915 2918 929 2943 'e
948 2926 1007 2950 pre-

121 2958 233 2982 seribile
253 2959 280 2983 la
300 2960 431 2984 seconda.
467 2959 604 2985 Cosicche
624 2963 724 2992 questo
743 2959 757 2984 ὲ
776 2960 882 2984 l’unico
903 2961 947 2984 dei
967 2961 1009 2984 di-

1058 1993 1143 2016 scorsi
1165 1991 1210 2015 del
1230 1992 1313 2016 Liber
1326 1991 1376 2015 che
1390 1992 1431 2015 sia
1446 1992 1520 2015 stato
1540 1992 1726 2015 sIcuramente
1745 1993 1850 2021 temno,
1865 1998 1878 2014 c
1892 1991 1941 2014 che

1055 2035 1140 2058 Bonc.
1160 2034 1242 2058 abbia
1263 2035 1310 2065 poi
1331 2035 1432 2065 potuto
1452 2034 1560 2057 riserire
1581 2033 1655 2057 nella
1674 2035 1804 2057 sostanza
1817 2041 1830 2056 e
1845 2041 1880 2056 un
1897 2034 1942 2064 po'

1057 2077 1131 2100 forse
1151 2076 1239 2100 anche
1251 2076 1325 2099 nella
1349 2077 1437 2099 forma
1451 2076 1499 2107 (cf.
1514 2075 1679 2103 quaszi,
1699 2076 1737 2100 Ur!
1750 2076 1858 2099 srcondo
1877 2079 1942 2099 [esto

1055 2126 1119 2148 ecc.,
1138 2120 1196 2147 cit„
1210 2126 1235 2151 p.
1258 2118 1318 2146 160,
1339 2127 1364 2142 n.
1386 2121 1419 2147 2).

1142 2161 1173 2184 P.
1193 2167 1234 2193 53,
1255 2161 1273 2185 l.
1292 2168 1348 2192 9-p.
1364 2166 1407 2191 34,
1421 2161 1438 2184 1.
1455 2167 1498 2184 10:
1514 2161 1558 2185 Un
1573 2161 1684 2184 esordio
1700 2161 1823 2184 retorlco
1837 2167 1942 2192 occupa

1057 2211 1092 2228 un
1118 2204 1193 2227 buon
1219 2206 1295 2227 terzo
1322 2203 1366 2227 del
1386 2203 1514 2226 discorso
1534 2203 1562 2226 di
1586 2202 1719 2234 t‘golino,
1741 2203 1760 2226 il
1781 2202 1871 2233 quale.
1892 2210 1943 2233 pur

1058 2246 1181 2270 volendo
1196 2246 1363 2269 dimostrare
1377 2253 1454 2269 come
1469 2248 1569 2277 troppe
1582 2246 1694 2277 ragioni
1710 2245 1943 2275 gl’impediscano

1057 2288 1084 2312 di
1106 2290 1243 2312 accettare
1263 2287 1418 2312 l'onorifica
1434 2289 1559 2314 nomina,
1574 2295 1587 2310 e
1607 2286 1669 2311 οἱοὶ·
1690 2287 1716 2310 la
1737 2294 1786 2310 sua
1805 2287 1944 2318 pochezza

1057 2329 1087 2352 in
1108 2328 1262 2352 confronto
1282 2328 1355 2352 della
1381 2328 1534 2360 grandezza
1555 2327 1596 2351 de'
1616 2327 1815 2359 predecessori,
1835 2327 1944 2350 l'essere

1057 2373 1133 2394 stato
1159 2370 1194 2394 da
1213 2372 1316 2402 troppo
1336 2370 1418 2393 breve
1438 2371 1532 2401 tempo
1553 2369 1692 2400 insignito
1712 2369 1755 2392 del
1775 2370 1942 2401 “cingulum

1060 2413 1206 2437 “militiae
1219 2429 1242 2444 η,
1261 2413 1288 2436 la
1309 2414 1434 2444 giovane
1453 2410 1505 2443 eta,
1527 2413 1553 2436 la
1575 2410 1712 2436 necessita
1732 2412 1759 2435 di
1782 2419 1837 2435 non
1860 2413 1944 2435 inter-

1058 2462 1185 2488 rompere
1209 2455 1251 2486 gli
1273 2455 1349 2479 studi
1371 2454 1517 2486 giuridici,
1537 2452 1642 2477 bench'c
1663 2454 1692 2477 in
1712 2455 1764 2477 essi
1786 2454 1842 2486 egli
1863 2454 1945 2477 abbis

1059 2499 1134 2522 fatto
1153 2499 1236 2521 tanto
1255 2497 1382 2529 profitto,
1396 2497 1430 2520 da
1445 2496 1575 2520 meritare
1596 2497 1624 2519 in
1646 2503 1726 2519 meno
1741 2495 1805 2519 d'un
1826 2503 1901 2519 anno
1917 2496 1943 2519 di

1059 2547 1147 2564 essere
1167 2540 1283 2563 assunto
1303 2539 1578 2570 slHnsegnamento,
1597 2538 1630 2561 ed
1652 2537 1737 2561 infine
1757 2537 1783 2561 la
1798 2541 1917 2569 potenza
1932 2546 1945 2561 e

1059 2583 1087 2606 la
1108 2582 1181 2605 fama
1201 2581 1275 2605 della
1299 2580 1371 2605 citta
1396 2581 1423 2604 di
1451 2580 1582 2611 Ancona,
1607 2580 1695 2603 lascia
1721 2580 1845 2603 tuttavia
1871 2587 1946 2603 eorn-

1060 2624 1194 2656 prendere
1213 2623 1262 2647 che
1282 2624 1306 2647 si
1326 2621 1459 2656 pieghera
1479 2623 1535 2646 alla
1556 2621 1675 2646 volonta
1689 2623 1732 2646 dei
1754 2623 1847 2645 “socii
1862 2640 1883 2652 η,
1899 2628 1946 2653 per

1060 2668 1235 2698 interrogare
1249 2667 1259 2690 i
1272 2666 1350 2698 quali
1369 2667 1390 2690 si
1407 2663 1520 2698 porterit
1541 2665 1766 2697 appositamente
1780 2672 1794 2688 a
1808 2665 1946 2695 Bologna.

1147 2707 1158 2724 2
1177 2709 1199 2732 ΙΙ
1220 2709 1337 2740 cingolo
1357 2715 1402 2732 era
1423 2709 1490 2732 dato
1510 2708 1628 2731 insieme
1648 2714 1700 2731 con
1722 2707 1748 2730 la
1760 2707 1846 2740 spada
1866 2715 1879 2730 a
1901 2707 1944 2729 clii

1062 2753 1164 2775 veniva
1185 2752 1257 2775 fatto
1271 2751 1408 2778 scudiero.
1424 2750 1596 2774 nell’ordine
1615 2750 1688 2773 della
1703 2750 1866 2776 cavalleria;
1880 2749 1946 2772 dato

1061 2793 1110 2817 che
1129 2793 1215 2816 Bone.
1230 2793 1274 2816 usi
1295 2793 1522 2823 rigorosamente
1541 2791 1696 2814 1'avverbi0
1720 2790 1730 2802 ’-
1744 2797 1831 2821 nuper
1842 2808 1864 2822 „,
1885 2798 1947 2813 vor-

1061 2835 1143 2858 rebbe
1162 2835 1222 2857 dire
1241 2834 1292 2857 che
1313 2833 1439 2865 Ugolino
1453 2834 1642 2864 apparteneva
1661 2830 1741 2855 bensi
1756 2839 1770 2854 a
1785 2831 1948 2862 quell'ordi-

1062 2883 1105 2905 ne,
1125 2883 1169 2899 ma
1189 2884 1244 2899 non
1265 2883 1310 2899 era
1330 2877 1432 2906 giunto
1451 2882 1553 2898 ancora
1568 2874 1594 2897 al
1614 2874 1703 2905 grado
1718 2874 1747 2897 di
1761 2873 1907 2902 carattere,
1921 2880 1948 2896 se

1061 2918 1108 2949 gia
1129 2925 1201 2950 poco
1221 2924 1305 2948 sopra
1324 2920 1362 2948 (p.
1383 2922 1423 2947 52,
1444 2917 1474 2939 ll.
1503 2914 1556 2947 5-(2)
1582 2922 1637 2938 non
1666 2915 1741 2938 fosse
1767 2918 1842 2938 stato
1868 2914 1947 2937 detto

1062 2960 1198 2984 “iustitie
1219 2961 1301 2990 atque
1321 2958 1503 2990 imperatoris
1523 2958 1603 2981 miles
1615 2975 1638 2987 Π.

1970 2123 2003 2147 30

1972 2335 2002 2359 35

1973 2543 2007 2566 40

1975 2754 2005 2779 45

2037 1446 2119 1465 ,1,’1
