2282 3502
60 778 98 810 10
121 777 279 821 predicta
302 784 336 810 et
359 778 639 820 magnanimitate
665 784 778 811 vestra
802 778 954 810 scribere
986 778 1180 819 procuravi.

60 1109 96 1141 15

60 1856 92 1875 10

62 2063 91 2090 ¹⁵

60 2276 94 2294 20

60 2483 91 2510 ²5

61 2697 95 2723 30

61 2906 94 2933 35

122 172 174 209 [Α.
195 172 288 209 117³]
633 167 785 203 LIBER
817 168 884 203 DE
912 168 1193 205 OBSIDIONE
1221 171 1442 206 ANCONE
1925 175 1944 208 5

121 299 250 342 pientia
275 305 308 332 et
331 299 505 341 probitate
529 299 732 342 conscripsi,
757 301 865 343 tnagis
889 301 930 332 ad
950 301 1203 333 informandum
1223 308 1377 343 posteros
1394 314 1494 344 quum
1514 314 1574 344 pro
1593 304 1787 345 captatione
1806 304 1950 336 alicuius

121 351 354 386 benivolentie
379 352 474 384 dicta
497 361 571 384 esse
595 353 754 385 credatis.
801 352 884 385 Scio
908 354 1033 385 etenim
1066 355 1158 396 quod
1193 355 1367 385 venativas
1397 357 1732 387 commendationum
1767 356 1948 389 blanditia».

121 415 189 438 non
214 404 373 448 diligitis;
400 415 463 437 nec
487 416 645 447 umquam
671 406 903 447 desiderastis,
928 406 1030 438 velud
1055 407 1168 448 plures
1193 407 1338 445 faciunt,
1361 407 1591 440 adliulationis
1614 408 1712 440 oleo¹
1739 409 1948 452 inpinguari3

122 464 353 491 verumtamen
377 458 566 491 liberalitas
591 465 705 491 vestra
729 459 885 491 omnibus
909 461 1078 501 providet,
1110 460 1279 491 universis
1310 461 1401 492 iuxta
1433 463 1586 493 meritum
1622 463 1816 503 respondvt,
1850 463 1950 494 nullis

122 513 270 555 denegat
292 511 413 544 solatia
437 519 617 554 oportuna.
665 513 735 545 Illis
757 513 859 545 etiam
886 513 1166 555 dampnabilibus
1190 513 1412 545 ioculatorum
1438 515 1585 546 catervis
1608 515 1699 556 larga
1717 516 1859 547 donaria
1886 516 1947 547 im-

121 565 277 608 pertitur,
302 565 371 608 qui,
395 571 567 607 tamquam
592 566 795 604 demonico,
819 566 969 597 efferunt
1002 567 1102 597 immo
1135 566 1331 608 deprimunt
1364 568 1563 608 preconium
1595 568 1706 599 aliene
1741 569 1858 600 laudis.
1906 569 1948 601 Et

120 618 203 652 lieet
225 618 293 651 hoc
318 618 414 650 vobis
439 629 619 661 numquam
645 619 824 660 placuerit,
849 619 1038 661 petentium
1064 625 1176 650 tamen
1202 620 1398 651 satisfacitis
1421 620 1614 653 desideriis:
1641 621 1686 652 ita
1704 622 1795 663 quod
1814 622 1946 653 illorum

120 671 387 705 acclamationes
411 682 478 703 non
505 672 693 709 attenditis,
717 672 777 703 sed
803 672 930 714 cupitis
954 672 1144 704 liberaliter
1168 673 1315 714 elargiri.
1364 673 1438 714 Ego
1463 684 1543 704 vero
1576 684 1641 704 non
1675 684 1736 715 pro
1768 675 1947 716 temporali

119 735 271 764 munere,
293 735 353 757 seu
378 724 517 757 levitate
541 725 655 762 animi,
679 731 730 757 set
753 725 824 757 sola
848 726 1005 762 veritate,
1030 736 1095 767 que
1121 736 1303 767 numquam
1331 727 1489 763 vincitur,
1512 727 1682 763 inductus.
1701 728 1742 759 de
1767 728 1945 760 obsidione

1228 779 1291 815 Sit.
1322 789 1440 820 queso,
1473 780 1608 812 tandem
1642 780 1833 811 timorosum
1865 792 1946 811 nau-

120 831 279 874 fragium,
302 832 395 874 quod
418 832 601 864 occasione
627 831 726 863 huius
743 830 818 863 libri
838 831 1013 864 vobiscum
1032 832 1079 862 fui
1099 842 1215 872 passus
1229 831 1251 869 ²,
1268 832 1381 863 media
1398 843 1476 873 pars
1493 833 1579 863 tituli
1598 839 1632 864 et
1647 844 1786 874 presens
1803 834 1947 875 epistola

121 884 338 928 integraliter
361 885 520 927 suppleat
545 885 731 922 defectum,
755 895 799 916 ne
825 890 916 916 muta
942 885 1099 916 videatur
1122 884 1250 927 pagina
1275 894 1461 916 remanere.
1509 885 1562 917 Illi
1586 893 1707 922 autem,
1732 887 1774 917 ad
1803 897 1946 928 quorum

120 948 240 970 manus
260 938 316 969 hic
340 937 426 969 liber
450 937 658 980 pervenerit,
681 938 834 970 studiose
858 937 984 979 scripta
1001 938 1166 981 relegant,
1183 938 1261 980 quia
1285 936 1407 969 crebra
1427 938 1526 970 lectio
1543 938 1667 980 legenti
1685 949 1819 970 sensum
1837 939 1947 970 incor-

121 997 221 1033 porat
244 990 466 1023 medullatum
480 989 501 1023 ³.

636 1110 885 1144 INCIPIUNT
910 1109 1124 1143 YSTORIE
1149 1110 1427 1143 OBSIDIONIS.

210 1202 387 1241 Quantum
412 1203 522 1236 omnis
545 1215 658 1236 rerum
683 1210 853 1246 gestarum
879 1204 1068 1236 memoria⁴
1094 1204 1251 1236 conferat
1275 1204 1439 1242 utilitatis,
1464 1204 1537 1246 ipse
1563 1215 1673 1236 rerum
1699 1205 1845 1237 effectus
1876 1216 1944 1237 ma-

120 1256 276 1289 nifestius
297 1256 442 1296 indicat,
465 1257 627 1300 quoniam
653 1257 766 1289 nullus
783 1257 887 1289 hodie
905 1267 958 1288 res
973 1258 1099 1289 arduas
1117 1258 1233 1289 facere
1251 1264 1481 1300 attemptaret,
1497 1258 1523 1289 si
1543 1268 1583 1289 ea
1599 1258 1661 1289 sub
1678 1258 1814 1290 silentio
1833 1259 1946 1290 forent

121 1310 259 1352 penitus
275 1310 505 1352 pretermissa,
522 1321 588 1353 que
605 1311 648 1342 ab
663 1310 812 1353 antiquis
828 1310 1152 1342 commendabiliter
1168 1320 1241 1342 esse
1258 1317 1335 1342 acta
1351 1317 1548 1342 noscuntur.
1595 1311 1762 1342 Viverent
1779 1311 1942 1353 siquidem

212 1421 235 1446 8.
255 1422 302 1447 sed
322 1431 369 1447 om.
390 1423 417 1447 I’
434 1436 466 1440 —
489 1429 527 1446 12.
547 1425 701 1446 remaneret
721 1423 748 1447 P
765 1436 796 1439 —
819 1429 859 1454 14.
879 1422 1050 1446 medulatum
1068 1421 1132 1446 C—
1151 1428 1189 1453 15.
1202 1422 1382 1446 comendatio
1395 1423 1533 1454 scripture
1550 1423 1584 1450 C:
1599 1422 1691 1454 Caput
1707 1423 1835 1453 primum.
1861 1422 1945 1447 Corn-

124 1464 270 1488 mendatio
289 1464 452 1496 Scripturae
473 1465 509 1489 M
523 1478 554 1482 --
579 1463 617 1488 16.
637 1465 731 1488 omnis
750 1473 797 1488 om.
822 1465 852 1493 C,
878 1465 913 1488 M
928 1473 941 1488 e
963 1464 987 1488 G
1007 1478 1036 1481 -—
1061 1470 1101 1494 17.
1119 1466 1272 1488 attentaret
1302 1465 1331 1492 V;
1351 1466 1513 1492 attentaret,
1538 1465 1562 1488 sl
1588 1472 1618 1488 ca
1647 1465 1737 1488 forent
1758 1466 1807 1488 sub
1828 1465 1944 1488 silentio

124 1503 162 1539 [C
177 1505 323 1539 sellentiol
343 1507 366 1532 C
382 1507 416 1531 ed
434 1507 469 1531 M
488 1521 514 1524 —
540 1506 579 1530 18.
599 1507 712 1538 penitus
731 1507 834 1531 dlmlsa
855 1507 891 1535 C;
912 1514 937 1538 p.
957 1507 1073 1530 dimissa
1094 1507 1128 1530 M

119 1594 319 1626 specialmente
338 1594 385 1619 dal
407 1595 479 1619 fatto
504 1595 554 1619 che
580 1595 625 1619 nel
651 1596 712 1619 suoi
739 1595 834 1619 scritti
860 1596 1007 1619 ricorrono

119 1635 169 1669 pii:
189 1636 266 1661 volte
286 1637 312 1661 le
326 1637 474 1662 medesime
487 1639 656 1670 espressioni
672 1645 754 1661 senza
770 1638 936 1662 mutamcnti
951 1637 1006 1661 nel-

119 1678 244 1702 l'ordine
262 1677 336 1702 delle
356 1678 462 1710 parole.
499 1677 544 1702 Cf.
565 1679 593 1702 in
615 1679 772 1710 proposito,
793 1678 825 1702 ed
852 1679 941 1702 anche
961 1686 1008 1710 per

119 1723 148 1747 la
166 1723 257 1747 teoria
276 1730 291 1747 e
316 1722 343 1746 la
363 1723 472 1755 pratica
492 1722 536 1746 dcl
559 1723 678 1747 “cursus
693 1741 715 1753 ,.,
736 1723 810 1747 oltre
835 1723 883 1746 che
909 1729 957 1754 per
983 1722 1008 1746 le

119 1763 228 1790 variet&
241 1765 269 1790 di
285 1772 348 1790 esso
363 1766 408 1790 nei
424 1766 550 1797 riguardt
569 1765 597 1789 di
615 1766 708 1794 Bone..
722 1768 828 1797 quanto
843 1773 1009 1798 espongono

120 1807 148 1832 la
166 1807 279 1832 Nathan
300 1807 353 1838 (op.
371 1808 426 1836 cit„
450 1815 495 1840 pp.
523 1807 612 1839 23-35)
632 1815 655 1836 e,
675 1805 723 1839 piis
743 1810 954 1835 recentemente,
975 1808 1007 1831 A.

119 1849 232 1881 Marlgo
263 1849 304 1879 (ll
329 1850 341 1862 ⁴⁴
353 1858 468 1880 cursus„
495 1851 567 1874 nella
588 1854 671 1880 prosa
696 1851 782 1874 latina
807 1850 881 1874 dalle
905 1850 1010 1881 origini

118 1892 247 1916 cristiane
265 1893 296 1916 m*
313 1892 397 1922 tempi
413 1892 443 1916 di
459 1892 558 1919 Dante.
578 1892 608 1916 in
629 1892 709 1916 Atti
736 1900 750 1915 e
778 1892 826 1916 Me
838 1900 863 1915 m
876 1911 881 1916 .
907 1892 1007 1915 della

119 1932 157 1957 R.
177 1933 261 1957 Ace.
280 1933 316 1957 di
338 1935 439 1958 scien
452 1941 487 1957 ze
509 1934 644 1957 lettere
663 1934 699 1957 cd
716 1933 785 1957 arti
801 1934 833 1957 in
855 1933 1008 1963 Padova,

120 1975 154 1999 N.
173 1974 209 2004 S.,
228 1975 332 2000 XLVII
350 1975 454 2009 [1931];
475 1983 523 2008 per
536 1976 622 2000 Bone.
636 1982 652 1999 a
666 1983 710 2007 pp.
724 1974 835 2008 339·4⁰)
848 1983 862 1999 e
876 1975 898 1999 11
919 1975 1008 2008 Rajna

119 2013 176 2050 (op.
195 2018 251 2046 cin,
270 2018 363 2049 specie
382 2025 397 2042 a
424 2025 450 2049 p.
470 2025 503 2049 44
529 2025 589 2050 sgg.
609 2025 622 2041 e
649 2017 739 2049 77-84,
764 2015 826 2041 ov‘e
846 2017 1009 2049 pubblicata

121 2065 178 2083 una
198 2061 277 2090 parte
297 2059 371 2084 della
392 2061 539 2084 Rhetorica
559 2060 689 2091 antiqua).

209 2099 218 2117 ¹
237 2101 444 2126 Nell'Amicitr'a
455 2100 509 2132 (ed.
521 2102 578 2129 cit.¹
590 2109 617 2134 p.
628 2100 685 2132 67):
699 2102 711 2115 ¹¹
721 2101 899 2126 adulationis
910 2101 974 2124 oleo
986 2118 1008 2131 ,,.

206 2142 218 2158 ²
238 2142 375 2175 Ugolino‚
395 2144 542 2168 recandosi
563 2144 597 2167 ad
612 2144 734 2168 Ancona
749 2150 797 2175 per
812 2150 895 2171 mare,
910 2142 1009 2174 perche

120 2186 129 2209 i
150 2184 261 2215 Fancsi,
282 2186 382 2209 nemici
403 2185 479 2217 degli
502 2187 687 2215 Anconitani,
712 2185 889 2209 chiudevano
916 2185 941 2209 la
962 2186 1009 2209 via

120 2227 149 2251 di
169 2228 254 2257 terra,
273 2228 295 2251 si
318 2227 375 2251 fece
394 2234 617 2260 accompagnare
636 2227 672 2252 da
693 2229 920 2259 Boncompagno,
936 2227 1009 2251 forse

120 2276 170 2300 per
187 2270 306 2294 servirsi
325 2269 355 2293 di
374 2269 414 2293 lui
430 2277 507 2293 come
520 2270 684 2302 segretario.
700 2270 774 2294 forse
787 2268 887 2301 perche
900 2269 927 2293 la
942 2270 1008 2301 pub—

119 2310 289 2342 blicazione,
307 2311 343 2335 da
362 2311 432 2336 farsi
451 2311 481 2335 in
501 2311 596 2343 quella
621 2309 700 2341 cittii,
727 2312 754 2335 di
781 2311 914 2343 un'opera
940 2311 1008 2335 cele-

119 2353 220 2376 brante
239 2353 267 2377 la
285 2353 379 2384 gloria
397 2354 425 2377 di
446 2360 505 2377 essa
524 2353 566 2385 gli
586 2353 706 2377 avrebbe
723 2354 903 2384 procacciato
923 2360 1009 2384 popo-

120 2393 215 2424 larita‚
235 2395 310 2419 forse
329 2394 422 2423 infine.
443 2402 521 2419 come
545 2402 672 2427 suppone
697 2395 718 2419 il
744 2395 910 2425 Gaummzx,
933 2395 1009 2419 Sulla

119 2438 275 2469 cronologia
295 2438 365 2462 delle
385 2442 463 2468 opere
482 2438 528 2462 dci
544 2439 676 2462 dettatori
694 2439 832 2470 bolognesr'
849 2439 907 2466 cit,
927 2445 953 2469 p.
965 2443 1007 2469 9²⁷

121 2477 221 2512 perche
240 2479 261 2503 il
285 2480 297 2492 ‘⁴
309 2486 405 2504 nuovo
425 2479 524 2504 Tirteo
539 2481 568 2504 in
582 2487 665 2512 prosa
677 2497 690 2510 „
703 2480 823 2504 avrebbe
837 2481 948 2512 potuto,
964 2479 1010 2504 col

121 2521 236 2546 ricorde
256 2522 283 2546 di
304 2529 341 2546 un
362 2522 489 2553 pericolo
509 2523 654 2554 maggIore
673 2523 814 2554 superato,
834 2523 954 2545 eceitare
967 2521 1007 2553 gli

120 2563 300 2588 Anconitani
319 2564 376 2588 alla
396 2565 547 2587 resistenza
576 2566 677 2588 contro
703 2563 730 2587 la
756 2564 817 2596 lega
842 2563 915 2587 delle
939 2561 1010 2587 cittii

120 2607 225 2630 vicine.
260 2605 300 2630 La
321 2606 395 2630 srase
410 2606 423 2619 “
434 2606 584 2630 occasione
598 2606 683 2630 huius
699 2606 767 2630 libri
779 2614 791 2636 ·„
807 2606 945 2630 dimostra
960 2606 1009 2630 che

120 2647 208 2672 Bone.
227 2650 348 2679 portava
367 2655 420 2672 eon
447 2647 476 2672 se
501 2648 651 2680 l'operetta
666 2656 714 2680 per
727 2648 902 2680 presentarla
922 2649 1011 2672 solen-

121 2692 250 2714 nemente
270 2691 299 2714 in
320 2691 441 2715 Ancona
460 2690 495 2714 ad
515 2690 654 2722 ugolino,
674 2698 687 2714 e
702 2691 800 2714 infatti
816 2690 872 2722 egli
887 2690 1009 2721 adopera

123 2732 130 2754 i
151 2731 230 2755 verbi
251 2731 431 2762 “exhibere„
452 2739 467 2756 e
489 2731 698 2763 “presentare„
723 2731 760 2764 (p.
787 2739 810 2762 4,
837 2731 868 2755 ll.
894 2738 907 2755 2
935 2739 948 2755 e
973 2731 1008 2762 6),

121 2780 136 2796 e
155 2779 213 2797 non
232 2773 279 2805 gia
300 2774 459 2803 “mittere‚,
479 2774 516 2798 od
536 2774 610 2797 altro
630 2774 725 2797 simile
750 2773 925 2804 (ΟΛυυΕΝΖῐ,
952 2774 1009 2804 cit.¹

122 2823 169 2848 pp.
188 2817 272 2848 92-3).
309 2816 355 2840 Ma
376 2817 396 2840 il
412 2817 613 2848 Giaugiacomi
627 2816 678 2847 (op.
693 2817 746 2846 cit„
761 2823 806 2848 pp.
819 2814 917 2847 305-7),
932 2822 1007 2839 com-

122 2857 258 2882 battendo
278 2858 438 2891 l'opinione
456 2858 501 2882 del
527 2857 684 2886 GaudenzL
711 2865 767 2882 non
793 2858 873 2881 crede
891 2857 942 2881 che
960 2864 1008 2889 per

122 2899 150 2924 la
169 2907 269 2932 guerra
288 2901 318 2924 di
339 2902 459 2925 Ancona
479 2902 580 2924 contro
600 2901 626 2924 le
646 2898 717 2924 citt&
736 2900 841 2927 vicine,
861 2907 916 2924 una
936 2899 1008 2923 delle

123 2943 202 2966 tante
219 2949 318 2974 guerre
337 2943 490 2974 comunali,
516 2943 529 2956 “
541 2943 590 2966 che
608 2942 665 2966 alle
690 2944 752 2975 paci
778 2943 802 2966 si
822 2943 1008 2966 alternavano

1065 1596 1141 1619 “con
1169 1595 1348 1627 rapidissima
1375 1595 1491 1618 vicentia
1504 1612 1526 1623 ,,,
1558 1595 1583 1618 ct
1611 1595 1682 1618 fosse
1707 1595 1826 1626 bisogno
1852 1595 1880 1618 (11
1906 1602 1942 1618 un

1063 1644 1158 1661 nuovo
1183 1636 1290 1665 Tirteo,
1316 1645 1329 1660 e
1361 1637 1410 1660 che
1431 1637 1556 1668 L’golino
1587 1643 1682 1660 avesse
1713 1637 1851 1660 condotto
1882 1644 1944 1660 seco

1062 1680 1147 1704 Bone.
1167 1687 1245 1703 come
1264 1680 1426 1711 segretarto,
1448 1678 1547 1712 perche
1566 1680 1658 1710 questi
1680 1686 1735 1703 non
1752 1680 1776 1703 sa
1798 1680 1944 1703 menzione

1062 1723 1137 1747 della
1157 1729 1223 1754 pace
1243 1722 1270 1745 (11
1292 1721 1435 1754 Polvcrlgi
1458 1721 1501 1745 del
1520 1721 1549 1745 18
1568 1723 1691 1752 genunio
1708 1727 1772 1745 1202
1786 1721 1832 1753 (cf.
1846 1724 1944 1752 quc³t0

1062 1766 1230 1790 commento.
1250 1772 1275 1796 p.
1295 1770 1338 1794 51,
1359 1772 1383 1787 n.
1403 1765 1431 1794 3)
1456 1771 1470 1788 e
1495 1762 1562 1796 pero
1589 1771 1602 1787 a
1627 1763 1720 1794 quella
1747 1764 1810 1787 data
1836 1764 1943 1787 dovcva

1063 1814 1128 1830 aver
1152 1804 1200 1838 gia
1222 1806 1341 1830 lasciato
1368 1807 1495 1835 Ancona,
1521 1808 1627 1830 mentre
1654 1805 1780 1836 Ugolino
1806 1807 1832 1828 vi
1862 1807 1943 1829 rima-

1063 1857 1132 1873 neva
1153 1850 1277 1872 tuttavia
1298 1855 1373 1872 come
1400 1847 1524 1880 podestii.
1563 1848 1592 1871 ln
1620 1845 1706 1871 realta
1733 1848 1752 1871 il
1779 1848 1888 1871 motivo
1915 1847 1943 1871 di

1063 1891 1164 1915 recarsi
1184 1892 1217 1914 ad
1239 1891 1358 1914 Ancona
1383 1889 1397 1914 'e
1418 1892 1535 1922 proprio
1562 1898 1575 1913 c
1601 1890 1829 1921 semplicemente
1848 1889 1943 1920 quello

1062 1934 1190 1957 indicato
1211 1933 1245 1956 da
1266 1933 1350 1957 Bone.
1378 1932 1421 1956 nel
1449 1933 1579 1964 prologo,
1605 1940 1618 1955 e
1643 1931 1706 1956 cio'e
1725 1931 1750 1955 la
1771 1933 1944 1958 counione,

1063 1976 1088 1999 la
1110 1975 1326 2008 presentazione
1352 1975 1386 1998 ad
1413 1975 1538 2005 ugolino
1563 1981 1578 1998 e
1601 1974 1627 1997 la
1654 1974 1872 2005 pubblicazione
1898 1973 1942 1996 del

1063 2018 1152 2045 Liber,
1172 2025 1188 2041 a
1206 2017 1421 2049 glorificazione
1441 2017 1514 2040 della
1535 2014 1605 2040 citta
1626 2016 1652 2039 di
1675 2015 1803 2039 Ancona.

1148 2060 1233 2084 Bone.
1253 2060 1346 2083 allude
1364 2057 1414 2091 piii
1435 2059 1510 2083 volte
1531 2059 1572 2082 ne'
1599 2059 1659 2082 suoi
1687 2059 1779 2082 scritti
1807 2066 1820 2081 a
1848 2058 1941 2089 viaggi

1062 2102 1104 2126 sul
1126 2102 1343 2125 Mediterranco.
1380 2102 1459 2125 Oltre
1479 2108 1494 2124 a
1519 2103 1617 2132 questo
1643 2101 1767 2131 viaggio,
1794 2100 1836 2123 nel
1863 2100 1944 2131 quale

1063 2144 1201 2176 naufrago
1221 2151 1316 2175 presso
1341 2143 1506 2175 Senigallia,
1534 2143 1607 2166 nella
1635 2144 1744 2166 Rhetor.
1769 2143 1866 2166 noviss.
1890 2142 1944 2167 (ed.

1063 2189 1119 2214 cit..
1139 2194 1164 2218 p.
1186 2185 1247 2217 278)
1266 2187 1324 2216 egli
1350 2186 1428 2217 parla
1454 2186 1481 2209 di
1509 2193 1544 2209 un
1572 2185 1646 2209 altro
1673 2185 1789 2216 viaggio
1815 2185 1859 2208 nel
1886 2191 1944 2208 mar

1062 2229 1146 2253 Ionio
1165 2229 1196 2252 in
1218 2228 1291 2252 vista
1311 2228 1450 2252 dell'Etna
1477 2228 1506 2250 in
1533 2229 1679 2251 eruziont··=
1699 2234 1713 2250 e
1737 2234 1815 2250 come
1840 2227 1941 2258 csempi

1063 2269 1187 2295 accc-nno
1206 2271 1239 2294 ad
1261 2271 1332 2294 altre
1350 2272 1513 2298 traversate,
1533 2269 1566 2293 da
1586 2269 1716 2293 siracusa
1730 2277 1745 2293 a
1765 2268 1897 2297 Messina,
1910 2268 1944 2291 da

1063 2313 1190 2337 Brindisi
1209 2313 1243 2336 ad
1264 2313 1360 2336 Accon
1382 2313 1420 2342 (S.
1439 2311 1585 2336 Giovanni
1604 2311 1699 2335 d'Acri
1721 2312 1749 2334 in
1775 2310 1868 2340 Siria),
1890 2317 1943 2333 ecc.

1062 2356 1184 2386 (Rhetor.
1205 2359 1268 2383 aul„
1288 2355 1330 2378 ed.
1351 2357 1412 2381 cit.:
1433 2354 1571 2381 Amicitia.
1591 2354 1632 2377 ed.
1653 2354 1710 2382 cst,
1730 2361 1756 2384 p.
1775 2353 1822 2385 69:
1850 2353 1942 2376 Βητί-

1063 2397 1201 2427 Ιοᾳηι”ηηι);
1222 2396 1258 2420 cf.
1277 2396 1402 2424 SUT‘rsR,
1422 2398 1463 2424 op.
1482 2395 1536 2421 cit..
1557 2402 1581 2425 p.
1605 2401 1644 2421 xo,
1666 2402 1691 2417 n.
1713 2400 1736 2424 3.

1150 2434 1161 2451 ³
1183 2437 1331 2461 “studiose
1349 2438 1454 2469 scripta
1480 2436 1614 2468 relegantv
1634 2437 1698 2467 quia
1719 2435 1812 2459 crebra
1838 2435 1943 2463 lectio„

1063 2487 1131 2504 ectu:
1152 2481 1234 2504 viene
1253 2480 1503 2510 spontaneamente
1523 2479 1580 2502 alla
1601 2481 1691 2501 niente
1714 2478 1826 2503 anra.
1847 2478 1943 2507 Purg„

1064 2522 1138 2551 v111,
1160 2528 1231 2553 19-21
1254 2521 1279 2553 (⁸
1291 2529 1394 2553 aguzza
1407 2523 1465 2552 qui,
1480 2521 1574 2549 lettor,
1588 2521 1639 2544 ben
1653 2521 1693 2552 gli
1709 2520 1788 2543 occhi
1803 2519 1829 2542 al
1851 2525 1918 2542 vero
1930 2538 1942 2549 η

1062 2563 1137 2595 ecc.).
1174 2564 1237 2587 Non
1263 2563 1370 2587 sembra
1398 2563 1523 2587 tuttavia
1551 2563 1650 2585 esserci
1683 2561 1804 2593 bisogno
1832 2560 1859 2584 di
1890 2567 1944 2584 una

1065 2606 1184 2630 “crebra
1204 2605 1313 2636 lectio„
1335 2613 1383 2636 per
1403 2605 1549 2629 intendere
1568 2605 1745 2636 pienamcnte
1771 2603 1790 2626 il
1813 2603 1918 2626 “senso
1931 2621 1943 2631 „

1063 2648 1138 2672 della
1158 2649 1325 2672 narrazione
1345 2648 1374 2671 di
1394 2647 1494 2674 Bonna:
1514 2646 1587 2670 forse
1607 2646 1698 2677 questi
1719 2644 1828 2676 rivolge
1848 2645 1873 2668 ai
1894 2644 1944 2667 lct-

1063 2691 1121 2714 tori
1141 2697 1196 2714 una
1215 2689 1273 2713 tale
1293 2690 1472 2713 esortazione
1491 2689 1619 2712 soltanto
1634 2695 1681 2720 per
1695 2687 1942 2718 gl'insegnamcnti

1063 2732 1163 2756 morali
1183 2732 1232 2755 che
1252 2732 1286 2755 da
1306 2739 1360 2755 una
1382 2731 1515 2754 meditata
1535 2738 1550 2754 e
1565 2730 1689 2761 ripetuta
1710 2729 1812 2752 lettura
1831 2728 1854 2750 si
1881 2735 1945 2759 pos-

1062 2781 1134 2798 sono
1154 2773 1289 2800 ricavare.
1307 2771 1422 2804 giacche
1441 2772 1467 2795 la
1487 2779 1535 2795 sua
1549 2773 1675 2802 operetta
1694 2769 1708 2793 ὲ
1723 2772 1750 2793 in
1765 2767 1853 2793 realta
1867 2768 1946 2800 qual-

1062 2816 1112 2839 che
1131 2822 1196 2839 cosa
1216 2814 1245 2838 di
1265 2814 1313 2846 piii
1333 2821 1346 2838 e
1367 2815 1395 2838 in
1418 2816 1496 2845 parte
1515 2813 1543 2836 di
1565 2814 1677 2836 diverso
1691 2812 1724 2835 da
1739 2819 1794 2835 una
1813 2811 1945 2842 semplice

1063 2859 1226 2881 narrazione
1245 2854 1293 2888 (cs.
1312 2856 1532 2884 GtANGlAccmss,
1551 2859 1592 2885 op.
1612 2855 1666 2882 cit,
1685 2861 1712 2886 p.
1733 2852 1790 2882 208,
1812 2860 1838 2876 n.
1858 2856 1892 2883 3³.

1149 2897 1158 2913 ⁴
1178 2897 1285 2925 Questo
1304 2898 1393 2921 brano
1413 2897 1458 2927 (da
1480 2897 1492 2909 ¹⁴
1506 2895 1650 2924 Quantum
1671 2903 1696 2919 o.
1711 2902 1731 2918 r.
1745 2902 1771 2926 g.
1785 2894 1918 2917 memoria
1931 2912 1942 2923 ,

1063 2950 1078 2966 a
1105 2941 1160 2964 “et
1187 2949 1201 2964 a
1227 2940 1327 2972 quibus
1355 2939 1440 2964 fuerit
1465 2938 1639 2967 hedificata„
1667 2935 1703 2970 [p.
1730 2944 1752 2968 5.
1779 2936 1797 2960 l.
1826 2935 1895 2968 16-p.
1921 2935 1946 2963 8,

1972 1727 2006 1751 40

1972 1939 2003 1962 45

1973 2149 2005 2172 50

1973 2355 2003 2379 55

1973 2561 2006 2584 60
