2287 3466
121 326 193 347 Μ1111.,
209 330 247 348 940

265 1727 296 1744 10

266 2199 298 2216 20

266 2409 296 2435 ²5

266 2617 300 2641 30

266 2826 297 2852 35

1030 176 1413 214 BONCOMPAGNI

1967 178 2018 213 [A.
2040 179 2130 211 1173]

313 317 403 349 unde
428 316 568 347 firmiter
590 317 840 356 proposuerunt
862 311 937 343 eius
958 309 1135 342 vo'luntati
1160 314 1193 339 et
1217 306 1366 340 consiliis
1383 316 1514 348 parere.
1562 305 1631 337 Sed
1647 305 1706 336 vix
1722 305 1911 337 orationem
1927 303 2132 345 perfinierat,

313 370 450 413 quando
473 369 660 411 legatorum
684 366 793 399 nuntii
817 365 990 397 civitatem
1015 361 1183 394 latenter¹
1216 361 1391 400 intrarunt,
1424 359 1575 390 ferentes
1605 358 1745 395 litteras,
1775 358 1809 388 in
1834 357 1957 399 quibus
1980 356 2131 388 contine-

313 424 414 455 batur
435 428 472 453 ut
494 421 660 453 securiter
682 419 909 451 consisterent
932 426 1061 454 omnes,
1084 414 1245 457 quoniam
1269 417 1406 454 paratus
1429 417 1502 443 erat
1526 410 1695 443 exercitus
1724 411 1847 452 ingens
1869 420 1930 451 pro
1954 420 2069 442 eorum
2093 409 2132 439 li-

312 474 488 506 beratione
502 473 522 504 ².
547 472 780 505 Cancellarius
796 481 888 507 vero,
905 470 993 501 sicut
1009 468 1154 500 subdola
1171 466 1293 507 vulpis,
1310 464 1519 507 excogitavit
1536 463 1683 505 qualiter
1700 461 1957 494 Anchonitanos
1970 462 2133 503 decipere

314 532 438 569 posset.
485 525 585 558 Fecit
608 526 735 568 quippe
761 524 833 556 fieri
857 534 898 554 ex
921 528 1019 564 parte
1043 521 1233 564 legatorum
1257 519 1386 550 litteras
1409 517 1524 554 falsati,
1547 523 1580 548 et
1603 515 1855 547 Anchonitanis
1876 526 1939 556 per
1962 515 2132 557 quendam

316 579 492 611 nuntium³
515 578 701 620 apportari.
748 578 951 609 Litterarum
977 575 1143 617 siquidem
1168 579 1266 605 tenor
1290 571 1366 603 talis
1390 576 1475 601 erat:

409 632 469 663 “A
491 631 619 674 gemitu
644 637 677 663 et
698 629 917 662 inenarrabili
943 629 1061 660 dolore
1085 627 1180 659 stilus
1203 631 1319 657 noster
1334 624 1468 655 initium
1486 622 1598 659 sumit,
1623 627 1656 653 et
1673 622 1875 653 narrationis
1898 627 2011 653 nostre
2028 621 2135 652 series

320 685 566 727 “progreditur
588 696 608 716 a
632 684 785 716 carmine
810 682 949 719 doloris,
974 680 1054 723 quia
1078 680 1157 711 dum
1181 688 1244 720 pro
1269 677 1470 708 liberatione
1495 681 1607 707 vestra
1630 675 1820 706 faceremus
1843 675 2030 706 exercitum
2055 684 2137 705 con-

319 739 332 754 “
349 738 496 781 gregari,
519 749 638 769 aurum
662 736 754 778 quod
778 741 1034 778 portaveramus
1058 732 1275 767 ammisimus,
1300 736 1334 762 et
1358 728 1543 761 Lombardi
1567 738 1637 759 non
1660 727 1789 759 audent
1804 727 1900 759 nobis
1915 726 2061 769 prebere
2079 737 2138 757 au-

319 792 333 807 “
347 791 463 823 xilium
487 801 551 832 pro
575 789 790 831 imperatoris
812 789 943 820 timore.
990 786 1173 819 Comitissa
1196 794 1342 826 namque
1366 783 1408 814 de
1427 782 1626 813 Brettinoro
1642 791 1738 812 suum
1762 780 1902 812 violavit
1924 779 2137 821 promissum,

324 843 432 886 “quia
466 843 563 875 timet
593 843 793 878 exercitum,
824 851 926 883 quem
957 850 1067 881 nuper
1096 839 1286 880 imperator
1316 834 1524 868 cancellario
1556 834 1657 865 mittit
1673 833 1692 865 ⁸.
1739 832 1842 864 Unde
1873 832 1970 864 vobis
2001 831 2138 864 firmiter

324 897 568 933 “consulimus‚
592 902 628 927 ut
650 901 832 936 antequam
856 894 922 925 hec
947 892 1133 934 presentiat
1156 890 1396 926 cancellarius,
1421 899 1496 920 cum
1522 897 1563 919 eo
1587 886 1880 929 qualitercumque
1912 885 2138 927 componatis,

321 950 334 966 “
351 949 511 993 quoniam
537 960 555 980 a
578 948 678 980 nobis
701 958 771 978 non
793 946 935 988 potestis
959 945 1002 977 de
1027 950 1143 977 cetero
1166 943 1307 985 aliquod
1331 941 1530 983 suffragium
1556 939 1734 982 prestolari
1748 961 1776 977 „.

404 1001 638 1033 Anchonitani
663 1011 755 1037 vero,
773 999 930 1031 videntes
953 999 1014 1030 has
1038 997 1179 1033 litteras,
1204 1001 1371 1037 ceperunt
1394 994 1551 1026 dubitare
1568 992 1762 1034 plurimum,
1779 998 1814 1024 et
1835 991 2039 1034 ignorabant
2054 991 2139 1034 quid

317 1056 434 1087 facere
458 1053 634 1086 deberent.
681 1053 926 1084 Verumtamen
949 1051 1080 1093 priores
1103 1049 1212 1081 nuntii
1236 1049 1427 1080 iuramento
1451 1046 1640 1082 firmabant,
1663 1046 1729 1076 hec
1754 1055 1825 1076 esse
1849 1045 1986 1086 penitus
2016 1044 2104 1076 falsa
2116 1044 2138 1082 ⁵,

317 1113 351 1139 et
375 1106 649 1139 constantissime
675 1104 903 1147 perhibebant
926 1103 1151 1136 testimonium
1176 1101 1314 1133 veritati
1326 1099 1347 1132 ὅ.
1395 1101 1529 1132 Grecus
1552 1108 1650 1137 verO,
1680 1099 1746 1129 hec
1776 1097 1928 1136 audiens,
1958 1097 2048 1139 cepit
2079 1098 2139 1128 ali-

319 1160 517 1203 quantulum
541 1159 727 1195 subridere,
745 1164 779 1190 et
803 1157 1043 1199 apprehendes
1066 1166 1168 1187 manu
1194 1155 1314 1186 dextra
1343 1152 1494 1189 barbam,
1520 1162 1633 1183 coram
1658 1150 1814 1183 omnibus
1839 1150 1943 1182 dixit:
1974 1150 2139 1182 “Frustra

324 1213 338 1228 ¹⁴
353 1218 424 1244 rete
448 1211 572 1242 iacitur
596 1216 674 1242 ante
698 1210 816 1242 oculos
839 1215 1065 1252 pennatorum
1078 1207 1098 1240 ⁷.
1145 1206 1225 1239 Non
1250 1206 1339 1238 enim
1363 1215 1476 1237 sumus
1499 1204 1693 1240 strutiones,
1716 1203 1775 1246 qui
1798 1213 1876 1234 suos
1892 1202 2019 1245 absque
2037 1213 2141 1235 causa

410 1349 432 1366 1.
452 1341 598 1365 consciliis
619 1342 641 1365 C
660 1354 667 1358 -
689 1340 859 1372 perfenierat
880 1340 912 1368 (ῖς
933 1339 1109 1370 praefinierat
1129 1339 1162 1361 M
1179 1351 1213 1354 —
1233 1344 1256 1361 2.
1277 1338 1372 1360 nuncii
1396 1337 1419 1360 C
1436 1349 1443 1352 -
1463 1336 1558 1359 literas
1580 1336 1603 1359 C
1620 1336 1654 1358 ed
1671 1335 1707 1358 M
1726 1349 1751 1352 -—
1773 1341 1798 1365 3.
1818 1341 1910 1358 secure
1930 1341 2025 1358 omnes
2038 1333 2139 1357 existe—

321 1386 383 1409 rent
405 1385 428 1409 C
445 1385 478 1407 ed
497 1384 533 1407 M
547 1396 578 1400 —
598 1390 653 1414 3-4.
673 1383 748 1412 Depo
768 1382 938 1406 liberatione
956 1389 1035 1412 segue
1055 1381 1081 1404 in
1102 1381 1146 1403 M:
1166 1381 1236 1412 Cap.
1254 1379 1313 1403 XV.
1352 1378 1525 1402 cancellarii
1546 1377 1657 1400 fraudes
1677 1374 1775 1409 [questo
1795 1377 1869 1400 titolo
1889 1384 1981 1400 manca
2000 1376 2026 1399 in
2048 1376 2077 1404 C,
2096 1377 2140 1399 che

320 1435 382 1451 recu
402 1426 492 1449 invece
512 1427 537 1449 lo
556 1425 646 1455 spazio
667 1425 783 1448 relativo
803 1423 829 1446 in
849 1421 950 1453 bianco]
972 1436 1003 1439 —-—
1024 1428 1046 1453 5.
1067 1422 1164 1446 literas
1186 1422 1208 1445 C
1225 1422 1259 1444 ed
1276 1421 1312 1445 M
1327 1433 1337 1438 -
1357 1420 1503 1451 quemdam
1523 1420 1560 1443 M
1576 1432 1604 1435 —
1621 1418 1644 1441 6.
1660 1419 1793 1442 nuncium
1810 1419 1832 1442 C
1844 1418 2013 1441 -literarum
2029 1418 2096 1442 Ced
2109 1418 2145 1441 Μ

321 1481 331 1486 -
351 1469 428 1498 Depo
447 1469 507 1490 erat
526 1475 607 1498 segue
626 1466 652 1489 in
674 1467 716 1489 M:
739 1465 807 1497 Cap.
827 1464 901 1488 XVI.
938 1463 1049 1488 Literae
1068 1463 1148 1487 fictae
1168 1470 1182 1486 a
1203 1462 1383 1487 Cancellario
1404 1461 1503 1493 [questo
1522 1461 1597 1485 titolo
1617 1469 1707 1484 manca
1727 1460 1754 1483 in
1774 1461 1803 1490 C,
1817 1459 1875 1484 ov'&
1888 1460 1979 1484 invece
1993 1460 2101 1483 rimasto
2114 1460 2141 1483 in

321 1511 411 1534 bianco
431 1510 455 1532 lo
474 1510 564 1539 spazio
583 1506 710 1539 relativo]
732 1521 763 1524 —
785 1513 808 1538 7.
828 1507 1034 1530 innenearabili
1057 1506 1079 1530 C
1096 1519 1104 1523 -
1124 1505 1219 1529 stillus
1242 1504 1264 1528 C
1280 1517 1289 1522 -
1311 1504 1468 1527 natationis
1490 1503 1509 1527 C
1534 1516 1541 1520 -
1566 1504 1679 1526 nostrae
1698 1503 1735 1526 M
1749 1515 1781 1519 —
1801 1502 1825 1527 S.
1846 1499 1948 1534 vestra]
1970 1503 2066 1525 nostra
2086 1502 2113 1525 P
2129 1513 2140 1519 —

321 1552 467 1575 fecerimus
489 1552 511 1575 C
529 1552 562 1574 ed
579 1551 616 1573 M
633 1564 663 1566 —
683 1556 706 1580 9.
727 1549 905 1581 portavimus
926 1549 948 1572 C
964 1550 997 1572 ed
1014 1549 1046 1571 M
1065 1560 1075 1565 -
1090 1548 1250 1571 amissimus
1265 1547 1300 1576 C3
1314 1547 1458 1570 amisimus
1474 1546 1508 1569 Al
1520 1558 1527 1562 -
1542 1545 1687 1568 lombarda
1703 1545 1738 1573 C3
1752 1543 1893 1568 Lonbardi
1909 1544 1951 1566 P·
1966 1544 2096 1575 praebere
2109 1544 2146 1567 A!

322 1607 354 1611 —
378 1601 414 1617 10.
435 1591 498 1626 pro]
519 1600 584 1624 prae
604 1593 638 1615 M
655 1605 663 1609 -
689 1592 847 1615 comittissa
869 1590 890 1613 C
909 1604 918 1608 -
938 1591 970 1614 de
990 1591 1155 1614 Brettinoro
1174 1598 1222 1613 om.
1244 1589 1266 1612 C
1283 1590 1317 1612 ed
1335 1589 1371 1612 M
1387 1601 1417 1604 ——
1442 1593 1480 1611 12.
1500 1588 1566 1611 haec
1587 1588 1759 1619 praesentiat
1779 1587 1815 1609 M
1830 1599 1861 1603 —
1885 1593 1923 1617 13.
1944 1585 2100 1616 sufragium
2120 1586 2144 1610 C

322 1649 332 1654 -
351 1633 512 1667 prestolari]
531 1634 669 1666 postulari
692 1635 725 1663 C3
748 1633 890 1665 postulare
910 1634 946 1656 ss!
962 1645 970 1649 -
991 1633 1067 1662 Dopo
1087 1632 1237 1663 prestolari
1257 1639 1338 1662 segue
1357 1631 1383 1654 in
1405 1631 1428 1655 C
1444 1631 1477 1653 ed
1496 1629 1540 1652 M:
1560 1629 1711 1652 Dubitatio
1734 1629 1840 1652 civium
1866 1626 1994 1659 [Civium
2020 1626 2064 1657 M]
2091 1635 2141 1659 pro

321 1678 407 1701 dictis
426 1677 517 1700 literis
536 1678 563 1700 et
583 1676 724 1699 exortatio
746 1675 920 1705 [exhortatio
941 1673 994 1703 Ml,
1014 1675 1057 1698 cui
1074 1675 1099 1697 in
1120 1675 1155 1697 M
1171 1675 1183 1697 ὲ
1199 1677 1332 1704 premesso
1353 1671 1420 1703 Cap.
1441 1671 1526 1695 XVII.
1546 1684 1578 1688 --
1600 1678 1639 1701 14.
1659 1671 1758 1694 literas
1777 1671 1801 1695 C
1818 1671 1852 1694 ed
1868 1671 1924 1693 ΙΙΙ-
1945 1671 2096 1700 coeperunt
2110 1670 2145 1693 M

323 1732 340 1755 ⁵.
352 1718 494 1750 dubitare]
514 1718 658 1750 duplicare
679 1717 701 1739 C
720 1730 750 1734 —
775 1722 813 1748 15.
835 1717 930 1740 nuntii
949 1725 996 1740 om.
1019 1717 1042 1740 C
1059 1717 1092 1740 ed
1110 1717 1146 1739 M
1161 1730 1192 1733 —
1215 1715 1254 1739 16.
1275 1714 1439 1746 peribebant
1461 1714 1480 1738 C
1499 1726 1510 1732 -
1530 1711 1653 1736 Graecus
1674 1714 1709 1736 M
1723 1725 1734 1730 -
1753 1713 1848 1744 coepit
1861 1713 1939 1735 M-
1956 1718 1994 1742 17.
2008 1712 2142 1743 aprehen-

323 1762 390 1785 dens
411 1762 434 1785 C
451 1774 483 1777 —
505 1759 544 1784 18.
564 1760 675 1784 occulos
696 1761 862 1792 penatorum
883 1759 906 1783 C
924 1771 933 1776 -
956 1759 1124 1782 structiones
1147 1759 1182 1788 C3
1203 1757 1377 1781 struthiones
1397 1757 1432 1779 M

323 1865 400 1881 come
419 1857 475 1881 essi
494 1857 617 1881 abbiano
637 1856 756 1888 perduto
778 1856 797 1880 il
819 1856 923 1879 denaro
943 1856 1007 1879 loro
1027 1855 1139 1879 affidato
1159 1862 1207 1887 per

325 1900 446 1924 formare
466 1899 614 1927 l’esercito,
634 1906 647 1922 e
667 1906 744 1922 come
764 1900 771 1921 i
794 1898 944 1921 Lombardi
966 1905 980 1921 e
999 1898 1025 1921 la
1041 1900 1126 1921 stessa
1141 1905 1206 1920 0011-

324 1944 397 1965 tessa
411 1942 438 1965 di
454 1941 611 1969 Bertinoro‚
626 1941 764 1964 violando
779 1940 803 1963 le
818 1940 879 1963 loro
894 1947 1041 1972 promesse,
1055 1947 1111 1963 non
1124 1940 1207 1963 031110

325 1984 465 2007 mnoversi
487 1990 534 2014 per
554 1984 655 2006 timore
676 1982 719 2005 del
740 1982 908 2006 Barbarossa
928 1989 942 2005 e
962 1982 1003 2005 del
1025 1989 1118 2005 nuovo
1138 1988 1207 2005 eser·

323 2025 382 2048 cito
401 2025 450 2047 che
470 2025 558 2055 questi
580 2026 623 2047 sta
642 2031 689 2056 per
712 2025 819 2047 inviare
840 2024 1081 2052 all’arcivescovo‚
1101 2030 1149 2055 per
1163 2022 1207 2045 cui

325 2068 346 2090 si
361 2067 501 2097 consiglia
515 2066 666 2090 senz’altro
686 2067 714 2089 di
736 2066 830 2089 cedere
850 2074 863 2089 e
883 2067 979 2088 venire
993 2072 1008 2088 a
1024 2067 1105 2097 patti.
1135 2063 1207 2092 Que-

324 2111 367 2132 313
382 2110 481 2132 lettera
495 2110 579 2132 mette
600 2110 628 2131 in
648 2115 718 2140 gran
738 2109 840 2131 timore
861 2109 866 2130 i
884 2108 1027 2135 cittadini,
1042 2115 1089 2139 per
1102 2109 1208 2138 quanto

325 2152 334 2175 1
356 2151 521 2182 messaggeri
542 2158 556 2174 e
576 2150 596 2173 il
617 2151 710 2181 legato
730 2150 880 2173 bizantium
906 2150 1037 2173 ccrehino
1064 2149 1092 2172 di
1119 2149 1208 2172 dimo-

325 2196 433 2217 strarne
452 2193 478 2216 la
499 2190 604 2216 falsita.

413 2233 418 2249 ¹
441 2233 511 2258 Cio'e
531 2234 670 2266 passando
691 2235 860 2258 inosservati
881 2235 924 2257 tra
944 2234 983 2265 gli
1005 2233 1168 2257 assedianti.

412 2275 422 2291 ²
436 2277 650 2300 Diversamente
664 2277 698 2300 da
712 2277 806 2305 Bone„
822 2276 962 2300 Cinnamo
977 2275 1028 2305 (ed.
1044 2277 1099 2302 cit.¹
1111 2283 1136 2306 p.
1150 2272 1210 2306 289)

326 2319 386 2341 dice
406 2319 454 2341 che
473 2319 601 2341 Aldruda
621 2317 724 2341 mando
746 2318 832 2341 nunzi
852 2318 881 2340 in
902 2316 970 2341 citta
985 2324 1034 2349 per
1048 2316 1209 2340 confortare

326 2360 353 2383 la
373 2361 558 2392 popolazione
577 2360 634 2383 alla
648 2361 808 2388 resistenza,
823 2367 870 2391 per
884 2361 926 2382 cui
945 2360 971 2382 fu
987 2359 1140 2382 deliberata
1155 2366 1209 2381 una

326 2403 427 2425 sortita
448 2404 547 2425 contro
570 2402 588 2424 il
611 2403 730 2431 ncxnico,
750 2401 770 2424 il
786 2402 867 2432 quale
881 2400 944 2424 levo
958 2401 1051 2424 subito
1066 2401 1086 2423 il
1101 2407 1208 2430 campo,

327 2451 370 2466 ma
391 2443 419 2466 fu
439 2444 614 2474 egualmente
640 2445 780 2466 attaccato
806 2443 883 2474 dagli
909 2443 1085 2466 Anconitani
1112 2449 1126 2465 e
1151 2442 1208 2465 dal-

327 2485 464 2508 l’esercito
480 2486 630 2509 liberatore
646 2487 850 2516 sopraggiunto
865 2493 877 2507 e
892 2492 982 2508 venne
997 2492 1084 2508 messo
1099 2485 1128 2508 in
1145 2484 1209 2515 fuga

327 2533 378 2549 con
398 2528 476 2558 gravi
498 2527 621 2558 perdite:
637 2526 650 2538 “
661 2525 826 2557 Ἀγκωνῖται
839 2524 931 2550 τοίνυν
945 2523 982 2556 ὡς
995 2524 1133 2550 ἐπύθοντο
1146 2525 1210 2549 ταῦ-

329 2567 394 2598 “τα,
413 2566 615 2599 ἀνεθάρσησάν
633 2576 661 2593 τε
680 2566 727 2593 καὶ
749 2570 806 2597 τοῖς
829 2567 972 2600 πολεμίοις
997 2566 1132 2598 ἐπεξιέναι
1156 2566 1209 2592 διε-

329 2610 477 2635 “νοοῦντο.
516 2609 591 2634 Ἀλλ’
610 2609 712 2635 ἐκεῖνοι
735 2611 845 2641 γνόντες
871 2608 1210 2641 μετεστρατοπεδεύσαντο

329 2651 341 2663 “
353 2650 459 2676 αὐτίκα.
497 2651 544 2676 Ἐν
563 2651 650 2683 τούτῳ
669 2650 700 2676 δὲ
713 2650 759 2676 καὶ
773 2650 790 2683 ἡ
805 2650 959 2683 στρατηγὸς
973 2650 1063 2683 ἐκείνη
1078 2649 1211 2676 ἐπιστᾶσα

329 2693 341 2705 “
353 2695 385 2725 τῇ
405 2692 484 2718 πόλει
503 2692 670 2725 Ἀγκωνίτας
689 2695 726 2725 τῷ
740 2692 840 2725 ἑαυτῆς
852 2691 982 2726 ἀνεμίγνυ
996 2695 1112 2725 στρατῷ,
1127 2700 1209 2725 προσ-

329 2734 341 2746 “
355 2734 440 2767 βολῆς
459 2743 487 2760 τε
506 2734 656 2767 γενομένης
675 2734 828 2768 Ἀλαμανοὶ
847 2735 897 2767 τὴν
916 2733 1007 2768 ὁρμὴν
1027 2734 1077 2767 οὐχ
1102 2734 1211 2766 ὑπενεγ-

329 2777 341 2789 “
352 2779 446 2808 κόντες
464 2776 583 2809 ἔφευγον
595 2776 650 2803 ἀπὸ
664 2777 820 2810 γυναικείου
834 2777 1038 2810 στρατεύματος
1050 2777 1170 2808 πολλούς
1183 2785 1211 2803 τε

329 2820 341 2832 “
354 2818 444 2844 αὑτῶν
463 2818 672 2851 ἀπεβάλοντο,,.
709 2821 750 2844 Lo
776 2822 864 2844 stesso
891 2820 1039 2844 Cristiano
1067 2828 1114 2852 per
1140 2828 1211 2853 poco

328 2868 384 2884 non
404 2862 517 2885 sarebbe
536 2863 610 2885 stato
632 2862 706 2885 fatto
727 2862 918 2893 prigioniero:
944 2862 956 2873 ‘¹
969 2860 1050 2886 Ἠλω
1070 2860 1094 2885 δ’
1112 2860 1146 2886 ἂν
1172 2870 1211 2894 μι-

328 2902 340 2914 ¹¹
352 2904 422 2933 κροῦ
442 2901 487 2927 καὶ
506 2901 522 2928 ὁ
542 2901 696 2935 στρατηγὸς
713 2901 811 2934 ἱερεύς,
831 2903 855 2928 εἱ
870 2902 906 2935 μὴ
920 2906 994 2936 φυγῇ
1009 2902 1058 2935 τὴν
1072 2902 1212 2935 σωτηρίαν

329 2942 533 2977 “ἐξε’κλεψεν,,.
578 2946 612 2970 Di
640 2948 716 2970 tutto
741 2948 840 2979 questo
866 2946 943 2969 nulla
969 2946 1065 2970 hanno
1091 2946 1116 2969 le
1142 2946 1211 2969 altre

1261 1855 1346 1882 fonti,
1366 1861 1380 1877 e
1401 1860 1546 1876 nemmeno
1566 1852 1652 1876 Bone.

1349 1896 1358 1912 3
1377 1896 1400 1919 Ι1
1421 1895 1619 1927 Giangiacomi
1638 1894 1688 1926 (op.
1708 1895 1761 1921 cit„
1781 1901 1808 1926 p.
1831 1899 1889 1925 279,
1911 1901 1936 1916 n.
1958 1891 1983 1922 1)
2004 1892 2083 1916 crede
2096 1892 2144 1916 che

1260 1938 1484 1971 probabilmente
1503 1937 1529 1960 la
1550 1937 1649 1960 lettera
1670 1936 1698 1959 di
1725 1935 1870 1960 Cristiano
1896 1936 1937 1959 sia
1966 1936 2062 1958 “stata
2087 1941 2144 1958 sca-

1262 1982 1373 2013 “gliata
1393 1982 1474 2004 entro
1494 1980 1613 2003 Ancona
1633 1979 1726 2010 legata
1745 1979 1779 2002 ad
1799 1985 1854 2001 una
1875 1978 1974 2001 freccia
1994 1985 2071 2001 come
2084 1984 2144 2001 usa-

1263 2023 1348 2046 “vasi
1369 2023 1467 2050 allora,
1486 2030 1502 2045 o
1523 2022 1633 2044 inviata
1654 2029 1668 2044 a
1692 2027 1781 2044 mezzo
1808 2021 1835 2043 di
1862 2027 1899 2042 un
1925 2020 2144 2052 prigioniero„:

1262 2073 1304 2089 ma
1324 2065 1518 2097 l'espressione
1538 2064 1566 2087 di
1586 2063 1671 2086 Bone.
1691 2061 1705 2086 'e
1725 2064 1828 2094 troppo
1843 2062 1938 2085 chiara
1952 2059 2051 2093 perche
2065 2061 2145 2085 cisia

1261 2108 1381 2137 bisogno
1401 2107 1431 2129 di
1452 2113 1566 2137 pensare
1593 2106 1759 2128 altrimenti.

1348 2146 1357 2161 ⁴
1377 2148 1463 2172 Come
1485 2148 1554 2171 falsa
1575 2147 1603 2170 la
1623 2148 1732 2176 lettera,
1759 2145 1815 2169 cosi
1843 2145 1856 2169 'e
1884 2145 1954 2169 falsa
1980 2145 2145 2176 quest'affer-

1262 2191 1399 2217 mazione,
1415 2188 1513 2222 poivhe
1529 2189 1573 2212 nel
1592 2195 1653 2219 1173
1673 2196 1727 2211 non
1743 2195 1874 2214 venneto„
1890 2195 1903 2211 a
1918 2189 2024 2218 quanto
2038 2189 2146 2214 consta,

1263 2231 1295 2256 110
1309 2239 1373 2263 pare
1388 2232 1536 2255 dovessero
1553 2231 1647 2254 venire
1661 2231 1780 2253 rinsorzi
1796 2229 1947 2260 d’oltralpc
1962 2237 1976 2252 a
1991 2228 2146 2252 Cristiano.

1350 2273 1360 2288 5
1379 2274 1459 2297 Oltre
1479 2274 1528 2297 che
1547 2281 1594 2304 per
1615 2272 1626 2284 *⁴
1639 2279 1791 2295 mancanza
1818 2272 1845 2295 di
1872 2273 1950 2303 segni
1977 2270 2146 2294 convenzio-

1265 2316 1278 2330 “
1290 2316 1358 2345 nali,
1378 2316 1407 2339 di
1426 2316 1528 2347 sigilli,
1543 2313 1696 2345 calligrafia
1712 2315 1830 2343 diversa,
1846 2321 1900 2337 ecc.
1913 2332 1934 2343 ‚,.
1949 2319 2028 2336 come
2041 2313 2146 2335 anneta

1263 2358 1284 2381 il
1306 2357 1504 2390 Giangiacomi
1524 2358 1576 2387 (op.
1595 2358 1648 2383 cit..
1674 2364 1700 2387 p.
1726 2354 1796 2387 280),
1823 2356 1964 2379 anzitutto
1991 2351 2091 2385 perch'e
2117 2354 2146 2376 in

1263 2402 1407 2424 contrasto
1427 2407 1479 2423 con
1501 2400 1607 2430 quanto
1627 2399 1679 2422 essi
1703 2404 1844 2429 sapevano
1860 2405 1907 2428 per
1922 2397 2029 2420 notizla
2043 2395 2147 2419 diretta

1262 2450 1276 2466 e
1296 2450 1343 2473 per
1369 2442 1517 2465 l'incarico
1537 2443 1624 2464 avuto
1644 2441 1690 2464 dai
1711 2442 1752 2463 tre
1771 2440 1903 2463 cittadini
1924 2438 1951 2462 di
1972 2438 2147 2462 annunziare

1263 2485 1321 2516 agli
1342 2484 1518 2507 Anconitani
1540 2483 1725 2506 l’imrninente
1747 2482 1842 2505 arrivo
1868 2480 2053 2504 dell'esercito
2079 2479 2148 2503 libe-

1264 2528 1365 2550 ratore.

1350 2567 1360 2583 6
1379 2568 1508 2599 Vangelo
1529 2568 1556 2591 di
1577 2567 1603 2591 S.
1623 2566 1788 2593 GlovANNx,
1803 2565 1901 2595 XVIII,
1923 2570 1970 2596 37²
1992 2564 2045 2587 “ut
2064 2564 2147 2588 testi-

1266 2612 1415 2634 “monium
1436 2610 1596 2642 perhibeam
1617 2609 1765 2639 veritati‚‚.
1802 2607 1843 2630 La
1863 2607 2013 2630 medesima
2034 2606 2114 2633 frase.
2129 2613 2147 2629 ο

1264 2654 1451 2684 leggermente
1471 2653 1589 2678 variata,
1608 2651 1642 2674 ha
1663 2650 1747 2673 Bone.
1767 2651 1879 2680 quattro
1899 2648 1976 2672 volte
1990 2648 2065 2672 nella
2080 2649 2148 2672 Rhe-

1264 2695 1348 2718 torica
1368 2694 1476 2724 antiqua
1496 2692 1549 2722 (ed.
1569 2691 1730 2722 Rockinger
1750 2692 1807 2719 cit.y
1826 2690 1879 2713 due
1898 2690 1975 2713 volte
2001 2697 2015 2713 a
2042 2697 2067 2720 p.
2090 2688 2149 2717 160,

1265 2743 1319 2759 una
1341 2744 1354 2759 a
1375 2743 1400 2767 p.
1423 2740 1468 2765 171
1491 2735 1522 2757 ed
1543 2741 1597 2757 una
1618 2741 1632 2756 a
1653 2740 1678 2765 p.
1702 2734 1775 2762 172);
1795 2739 1855 2755 essa
1875 2733 2041 2762 appartiene
2054 2731 2081 2754 al
2095 2731 2148 2754 lin-

1265 2778 1387 2809 guaggio
1407 2776 1561 2808 giuridicO.

1352 2817 1361 2833 ⁷
1380 2819 1419 2841 Di
1439 2819 1534 2849 questa
1555 2818 1684 2840 sentenza
1704 2816 1809 2839 biblica
1829 2815 1934 2847 (Proin,
1954 2814 1973 2843 1,
1996 2814 2037 2844 17)
2057 2812 2093 2838 3“ὲ
2114 2813 2150 2837 ri-

1266 2861 1379 2884 cordato
1400 2861 1483 2884 Bone.
1504 2859 1592 2883 anche
1612 2858 1686 2881 nella
1711 2858 1856 2882 Rhetorica
1882 2857 1990 2887 antiqua
2019 2855 2076 2886 (cit.
2102 2855 2148 2879 dal

1267 2903 1492 2930 ἵνιΝΚΕιΜΑΝΝ,
1512 2905 1551 2932 op.
1571 2902 1624 2929 cit„
1651 2900 1684 2929 ΙΙ,
1715 2900 1787 2932 1878,
1814 2907 1840 2931 p.
1867 2906 1930 2931 547;
1957 2898 2068 2922 nell'ed.
2092 2897 2150 2921 Ro-

1267 2945 1383 2976 ckinger
1403 2945 1451 2968 cit.
1478 2943 1497 2967 il
1524 2951 1606 2975 passo
1632 2941 1756 2973 manca):
1785 2942 1797 2954 ‘⁴
1808 2941 1860 2965 Sed
1888 2949 1950 2965 cum
1973 2940 2056 2972 vulpe
2080 2940 2150 2964 litus

2165 779 2202 809 10

2166 1044 2202 1075 15

2172 1896 2206 1922 40

2173 2110 2205 2135 45

2175 2319 2208 2345 50

2175 2526 2207 2552 55

2176 2731 2210 2756 60
