2282 3502
75 801 114 833 10

74 1063 110 1098 15

77 1617 108 1635 ¹0

78 1878 108 1906 1⁵

77 2089 111 2106 20

77 2299 109 2326 τε

78 2510 112 2536 30

81 2719 112 2747 3⁵

82 2928 117 2953 40

136 196 188 232 [Α.
211 197 302 231 117³]

649 192 799 227 LIBER
829 193 896 227 DE
925 192 1198 229 OBSlDlONE
1226 192 1446 228 ANCONE
1906 194 1949 230 27

141 323 251 355 “etin
274 322 401 366 burgos
423 323 660 355 miserabiliter
684 324 886 366 tripertitn¹.
936 324 1014 356 l'ost
1038 324 1307 356 destructionem
1332 330 1454 360 nutem,
1482 329 1643 366 quantam
1676 323 1768 355 cives
1794 323 1954 354 mediola-

140 378 154 394 “
167 385 290 408 nenses
313 375 349 408 in
373 376 528 418 personis
551 383 584 408 et
599 377 700 408 rebus
717 377 805 419 passi
825 377 951 409 fuerint
969 378 1148 413 iacturam.
1165 377 1301 419 longum
1319 383 1406 408 esset
1424 387 1485 418 per
1501 376 1634 418 singula
1652 387 1821 408 enarrare.
1870 376 1953 408 Nam

140 429 284 471 “plures
307 428 339 459 in
372 435 497 460 terram
528 428 779 461 Saracenorum
812 430 956 470 iverunt,
989 441 1170 472 numquam
1203 430 1246 460 ad
1279 430 1418 471 propria
1450 430 1651 466 redeuntem
1685 430 1773 460 unde
1806 430 1954 471 ipsorum

141 481 306 525 “sanguis
330 491 446 513 versus
469 490 518 514 est
543 483 577 513 in
604 482 765 514 barbaras
788 483 952 519 nationes,
977 489 1011 514 et
1035 483 1091 524 qui
1117 489 1215 514 erant
1246 482 1429 514 imitatores
1453 482 1629 513 christiani
1656 482 1811 519 nominis,
1835 482 1953 514 eflecti

142 536 245 567 “sunt
267 534 412 576 primitie
436 536 616 578 ydolorum
632 535 653 566 ¹.
700 536 752 568 Sit
776 546 857 578 ergo
890 536 986 567 vobis
1018 536 1083 567 hoc
1114 535 1326 567 salutiferum
1352 535 1555 576 exemplum,
1579 535 1750 576 quoniam.
1774 536 1799 566 si
1825 535 1952 576 lignum

141 589 155 606 ‘⁴
168 587 278 621 viride
292 594 358 620 tam
376 588 505 620 acriter
521 589 610 631 ignis
623 588 844 630 consumpsit,
861 588 893 619 in
911 588 1005 620 sicco
1019 589 1029 604 ²
1047 587 1131 630 quid
1149 589 1281 620 faceret
1297 599 1364 620 non
1381 588 1513 629 indiget
1531 588 1771 629 explanatione
1786 589 1807 619 ⁴.
1833 588 1956 619 Vestra

140 642 221 673 “res
243 650 335 673 nunc
358 641 480 683 agitur,
505 647 538 673 et
562 641 735 683 proximus
759 647 810 674 est
834 641 945 683 paries
969 649 1122 681 exustus;
1147 641 1236 672 unde
1261 652 1320 672 vos
1344 640 1464 672 tollere
1488 650 1599 672 moras
1624 647 1768 681 oportet.
1794 641 1951 682 quoniam

137 694 152 711 ⁸
167 693 201 726 in
218 704 312 726 mora
328 694 454 726 modici
471 694 635 736 temporis
652 694 860 737 quandoque
877 693 1062 735 dampnum
1081 703 1263 725 occurrere
1289 699 1412 734 posset.
1459 692 1674 724 succurratis
1698 703 1779 734 ergo
1797 704 1954 734 propere.

139 748 154 765 ¹⁶
168 753 201 779 et
224 756 301 778 eum
325 746 451 789 ingenti
474 747 624 789 pecunia
648 747 780 789 legatos
802 746 925 778 mittite
942 756 1004 787 pro
1021 746 1189 782 exercitu:
1207 752 1241 777 et
1265 746 1291 777 si
1309 746 1486 787 potueritis
1503 745 1648 787 aliquem
1667 745 1792 777 habere
1817 756 1954 777 succur-

140 801 251 838 “sum,
275 799 434 832 valebitis
458 800 579 832 merito
594 799 734 842 gloriari
749 812 756 836 ;
773 799 921 841 alioquin
941 799 1116 840 proiciatis
1132 800 1323 831 universam
1342 799 1520 840 pecuniam
1546 799 1579 829 in
1605 809 1707 835 mare,
1732 799 1954 839 egrediamini

140 853 273 890 “fora-³1,
297 858 332 885 et
355 863 432 885 cum
458 852 607 884 inimicis
638 852 768 895 pariter
791 852 998 888 moriamini;
1023 853 1102 894 quia
1127 852 1238 883 minus
1266 852 1387 883 malum
1414 858 1464 883 est
1487 852 1519 882 in
1547 851 1636 882 bello
1660 852 1833 888 commori,
1857 862 1956 893 quam

139 905 287 938 “videre
312 906 464 938 civitatis
487 904 756 938 destructionem
782 910 815 937 et
839 904 908 946 pati
935 904 1155 946 obprobrium
1181 905 1426 946 sempiternum
1442 928 1471 943 η.

222 958 360 991 ‘Finita
385 959 554 1001 siquidem
579 958 746 997 oratione,
770 957 815 990 ita
839 957 904 989 fuit
927 958 1085 990 omnibus
1118 968 1326 1000 persuasum,
1358 964 1392 989 ut
1416 957 1526 988 nullus
1550 957 1789 989 contradicere
1815 958 1955 989 auderet

134 1011 302 1044 sententie
325 1011 426 1044 senis.

475 1013 628 1043 Fuerunt
643 1011 746 1043 electi
770 1010 934 1042 continuo
952 1016 1022 1041 tres
1046 1010 1179 1042 nobiles
1203 1011 1304 1048 cives,
1321 1011 1377 1053 qui
1396 1010 1598 1041 miraculose
1613 1010 1646 1040 in
1665 1009 1796 1041 modica
1824 1009 1951 1046 barca,'

135 1065 226 1097 inter
250 1075 354 1097 naves
379 1071 411 1097 et
434 1064 553 1107 galeas
576 1063 817 1100 obsidentium,
841 1073 917 1094 cum
943 1063 1074 1106 ingenti
1095 1064 1239 1105 pecunia
1255 1063 1442 1099 exiverunt,
1468 1069 1692 1104 properantes
1716 1069 1751 1094 ut
1768 1063 1952 1094 exercitum

135 1118 283 1160 aliquem
308 1123 571 1161 congregarent.

619 1116 756 1149 Venere
779 1116 947 1159 siquidem
972 1117 1015 1148 ad
1040 1115 1284 1159 Guilglelmum
1312 1115 1554 1148 Marcheselli⁶
1579 1115 1726 1147 nobilem
1753 1115 1860 1146 civem
1887 1117 1955 1146 fer-

228 1238 247 1255 1.
270 1232 415 1263 tripartita
441 1230 463 1252 V
478 1232 512 1254 ed
532 1231 565 1253 M
580 1243 589 1248 -
609 1232 715 1261 quanta
737 1230 762 1252 Ι)
779 1238 792 1253 e
813 1227 837 1252 C
855 1242 885 1245 —
905 1235 928 1252 2.
948 1231 975 1252 et
996 1229 1024 1252 in
1046 1229 1125 1252 rebus
1151 1228 1192 1250 Γ-
1210 1229 1319 1252 suerunt
1338 1228 1360 1251 C
1373 1241 1378 1244 ·
1392 1229 1527 1260 Jactnram
1545 1229 1596 1250 ,1Ι-
1613 1228 1635 1250 Λ
1650 1227 1760 1256 singula
1778 1227 1801 1249 (i
1815 1228 1956 1258 aggiungae

137 1272 374 1298 arbitrariameute
401 1273 522 1304 penitus.
541 1273 584 1296 che
603 1272 648 1295 nei
665 1272 737 1296 codd.
758 1279 849 1295 manca
869 1283 878 1288 -

899 1278 1013 1294 cnarare
1036 1271 1058 1294 C
1076 1284 1105 1287 ——-
1127 1278 1150 1301 3.
1172 1273 1244 1294 terra
1268 1270 1290 1293 C
1310 1283 1319 1287 -
1345 1271 1561 1293 sarrin-omnum
1590 1269 1622 1293 C:
1650 1271 1863 1292 sarracenorum
1893 1271 1925 1292 ,il
1949 1283 1955 1286 -

138 1322 280 1346 nunquam
305 1314 330 1337 V
344 1327 354 1332 -
373 1314 545 1338 deddcuntes
570 1313 634 1336 V—
649 1321 673 1344 4.
687 1313 802 1344 sanguis
823 1313 947 1344 ipsorum
973 1313 997 1335 V
1013 1326 1020 1330 -
1041 1320 1193 1336 conversus
1216 1313 1238 1336 C
1254 1313 1286 1335 cd
1308 1313 1343 1335 M
1359 1325 1366 1329 -
1387 1315 1426 1335 cst
1447 1320 1495 1335 om.
1520 1312 1543 1334 V
1559 1324 1564 1328 ·
1585 1314 1611 1334 et
1633 1309 1692 1343 qui]
1712 1313 1736 1333 et
1751 1311 1884 1341 qnoniam
1908 1310 1931 1334 C
1948 1324 1954 1328 ·

138 1357 312 1381 imittatores
336 1356 370 1386 νς
390 1356 430 1380 ibl
451 1358 618 1380 mercatores
639 1356 673 1384 C;
693 1357 860 1379 mercatores
881 1356 916 1378 M
929 1369 957 1371 —
974 1360 997 1384 ς.
1018 1355 1162 1386 primitiae
1182 1354 1326 1378 Idolornm
1348 1355 1381 1378 M
1399 1368 1403 1370 ἡ
1419 1368 1426 1371 -

1449 1353 1473 1377 ὑ.
1492 1354 1674 1384 comsumpsit
1695 1353 1731 1381 Ι’;
1751 1354 1905 1376 consumsit
1927 1354 1961 1376 st!

138 1411 149 1418 ο
169 1400 228 1423 sico
254 1398 279 1422 V
293 1411 301 1416 -
322 1399 443 1423 faceret?
480 1397 543 1422 Non
567 1398 602 1422 M
617 1411 647 1414 —
668 1403 692 1428 7.
712 1398 803 1428 paries
822 1399 863 1421 est
887 1397 909 1420 C
925 1397 959 1420 ed
980 1398 1015 1420 ᾸΙ
1031 1410 1062 1414 -
1082 1396 1105 1420 S.
1126 1395 1304 1428 quandoque]
1323 1398 1456 1427 quantuni
1480 1397 1501 1419 C
1519 1396 1553 1419 ed
1572 1396 1605 1419 M
1620 1407 1631 1413 -
1650 1395 1780 1418 damnum
1810 1395 1831 1417 Γ
1846 1396 1878 1417 ed
1897 1396 1930 1418 .il
1948 1408 1958 1413 -

139 1448 232 1466 curere
252 1442 287 1469 C;
307 1448 416 1465 currere
435 1441 547 1472 posset!
568 1440 604 1464 M
618 1452 628 1458 —
647 1438 808 1464 Succuratis
831 1439 854 1463 C
871 1453 902 1456 —
921 1446 945 1469 9.
966 1438 1084 1471 mittite]
1104 1442 1209 1463 mutare
1230 1440 1252 1463 C
1272 1453 1298 1455 —>
1326 1446 1363 1462 10.
1385 1438 1552 1470 propiciatis
1575 1438 1610 1462 l':
1630 1437 1791 1470 projiciatis
1814 1438 1866 1460 ,11-
1883 1445 1955 1460 mare

137 1483 378 1516 egredieminique
400 1483 432 1511 V}
447 1484 526 1512 maui,
539 1484 566 1506 et
578 1482 764 1514 egrediamini
787 1483 810 1507 C
829 1484 860 1505 ed
881 1483 914 1505 M
932 1495 961 1497 ῌ
985 1489 1023 1505 11.
1047 1482 1125 1505 forax
1147 1483 1169 1504 (3
1188 1495 1217 1497 e
1244 1488 1280 1504 12.
1301 1482 1484 1513 opprobrium
1514 1481 1535 1502 Γ
1549 1489 1561 1503 c
1585 1481 1609 1502 G

1685 1486 1721 1510 ¹3-
1739 1480 1813 1508 Dalm
1826 1480 1958 1503 oratione

138 1526 165 1550 iu
185 1526 208 1550 C
224 1526 248 1550 il
264 1529 334 1550 resto
352 1526 425 1550 della
443 1525 515 1549 linea
534 1522 548 1548 ὸ
566 1525 678 1548 lasciato
697 1525 723 1547 in
736 1524 826 1548 himma
840 1537 848 1541 -
862 1525 1055 1548 contradicere
1077 1524 1170 1547 nullus
1193 1523 1215 1546 C
1231 1524 1265 1546 ed
1286 1525 1317 1546 Μ
1334 1537 1363 1540 -
1388 1530 1426 1552 ¹⁴-
1446 1522 1602 1546 sent-:ntiae
1624 1523 1656 1544 All
1672 1534 1680 1538 -
1699 1522 1793 1545 cllecti
1817 1521 1839 1544 C
1855 1535 1863 1538 -
1884 1522 1958 1544 rix-ex

139 1568 250 1592 nobiles
277 1568 325 1591 V·
345 1567 445 1591 barcha
474 1567 498 1597 1⁷,
523 1566 545 1590 C
561 1566 596 1590 ed
615 1567 646 1590 M
665 1580 694 1583 ——
718 1572 757 1597 ις.
770 1566 876 1598 galleas
895 1566 1102 1589 obscidentium
1125 1566 1147 1590 C
1164 1579 1174 1583 -
1195 1565 1315 1597 ingenti!
1337 1572 1393 1588 non
1416 1573 1500 1596 parva
1522 1565 1544 1588 C
1562 1565 1595 1587 erl
1616 1565 1686 1586 ill—
1707 1562 1745 1586 16.
1759 1562 1955 1587 Guillielmum

142 1609 165 1634 C
180 1610 214 1634 ed
232 1610 268 1634 M
282 1622 291 1627 -
314 1609 478 1633 marcheseli
498 1609 522 1634 C
539 1622 571 1626 -—
594 1608 656 1632 16-1.
681 1616 688 1632 ι
713 1616 739 1640 p.
760 1607 800 1632 28.
820 1608 1026 1632 Feri-ariensem
1046 1609 1136 1631 civem
1160 1608 1183 1631 C
1199 1609 1233 1631 ed
1251 1608 1285 1631 M

225 1703 231 1720 ¹
253 1703 421 1736 “tripertita
435 1723 447 1736 „
467 1710 502 1727 va
522 1710 604 1736 preso
625 1705 652 1727 in
667 1710 749 1728 senso
764 1704 895 1734 generice
910 1704 936 1727 ‹li
955 1704 967 1716 “
979 1704 1021 1727 di-

137 1747 150 1760 “
164 1747 259 1778 visan,
283 1746 476 1772 “distribuita
488 1765 511 1778 n»
539 1754 581 1770 ma
608 1753 664 1770 non
691 1745 946 1778 specificatamente
967 1746 1021 1769 “in

138 1789 206 1814 “tre
228 1790 302 1822 parti
316 1807 338 1821 η,
358 1787 473 1821 giacche
491 1789 547 1820 agli
569 1788 692 1812 abitanti
714 1788 830 1812 cacciati
857 1788 891 1812 da
913 1788 1022 1812 Milano

137 1831 241 1855 furono
259 1832 401 1863 assegnati
423 1831 436 1843 ‘¹
450 1832 588 1862 quattro„
610 1830 720 1862 borghi,
740 1837 767 1854 se
788 1838 843 1853 non
865 1830 951 1854 anche
965 1830 1021 1853 cin-

136 1880 189 1904 que
206 1870 254 1905 (cs.
272 1873 306 1897 A.
326 1871 508 1900 Gmmcuo.
529 1872 622 1897 Studio
635 1880 664 1896 su
677 1874 705 1896 la
723 1871 856 1897 Canzone
870 1871 900 1895 di
914 1871 1021 1902 Lcngna-

137 1923 173 1940 no
186 1916 216 1940 di
229 1915 260 1940 G.
276 1916 415 1943 Curducci.
434 1914 522 1945 Fano,
535 1915 598 1940 Soc.
613 1915 665 1946 tip.
679 1921 771 1946 coop„
788 1921 861 1946 1909.
876 1922 922 1946 pp.
938 1913 1021 1944 70-1).

222 1955 234 1972 2
253 1958 289 1982 Αἰ
310 1957 444 1981 Milanesi
465 1959 570 1989 passati
597 1959 641 1981 tra
667 1958 675 1980 i
703 1957 874 1981 Musulmani
899 1964 1022 1980 aci-euna

135 1999 224 2024 anche
245 1999 265 2023 il
285 1999 433 2024 Tolosano
454 1999 506 2027 (ed.
525 1999 677 2023 Tabarrini
703 1999 761 2029 cit„
788 2006 813 2030 p.
839 1998 916 2029 636):
937 1998 1023 2022 “Alii

139 2040 230 2065 “vero
249 2041 324 2065 inter
343 2042 499 2065 Saracenos
519 2041 640 2069 iverunt,
659 2043 686 2065 et
707 2041 776 2065 iiiuc
796 2041 935 2072 optimum
957 2040 1024 2064 fece-

137 2084 226 2107 “runt
246 2083 348 2113 locum,
376 2084 423 2114 qui
446 2083 639 2107 Mediolanum
666 2091 781 2115 parvum
809 2085 941 2111 vocatur,
967 2083 1025 2113 qui,

137 2124 150 2138 ⁸
164 2127 194 2149 ut
215 2124 418 2152 intelleximus.
437 2124 598 2149 doctrinam
618 2125 826 2149 Nicolaitarum
847 2122 930 2157 [setta
945 2124 1024 2148 affin<-

139 2166 179 2191 “a
199 2166 292 2198 quella
311 2165 357 2190 dei
377 2165 522 2196 Gnostici}
543 2167 632 2190 secuti
651 2169 736 2197 sunt„
763 2166 810 2199 (cf.
835 2166 1023 2190 Sinroxsmam

137 2209 167 2234 in
187 2207 554 2239 Sitzungsberichte
574 2209 630 2238 cit..
651 2215 677 2240 p.
697 2209 770 2240 330).

225 2250 402 2274 Annotando
422 2251 520 2281 questo
540 2257 623 2282 passo
642 2250 688 2274 del
708 2250 855 2274 Tolosano
882 2250 956 2274 nella
976 2257 1023 2273 sua

137 2293 332 2317 recentissima
351 2292 480 2316 edizione
500 2292 543 2316 del
568 2292 660 2316 Chron.
681 2293 857 2317 Faventinum
872 2293 912 2323 (in
927 2295 1024 2323 questa

139 2335 279 2362 Raccolta.
299 2333 426 2364 XXVIII,
447 2336 526 2365 parte
545 2340 556 2357 1
575 2332 676 2365 {1936L
697 2341 723 2366 p.
744 2333 785 2365 56,
805 2343 831 2358 n.
851 2333 887 2366 3).
907 2334 941 2358 G.
955 2334 1024 2358 Ros—

137 2377 194 2400 sini
215 2377 307 2400 scrive
327 2376 356 2400 di
377 2383 434 2400 non
455 2383 521 2399 aver
541 2377 643 2408 potuto
663 2376 837 2401 controllare
857 2377 883 2401 la
904 2378 1026 2400 notizia.

138 2417 275 2442 Tuttavia
287 2425 347 2442 essa
360 2419 443 2442 trova
457 2418 608 2447 riseontro,
621 2418 732 2442 almeno
743 2418 771 2442 in
785 2421 872 2450 parte,
886 2419 929 2443 nel
942 2425 1025 2450 passo

138 2460 376 2492 corrispondente
394 2460 423 2484 di
444 2460 538 2488 Bonc.‚
563 2460 613 2484 che
640 2460 659 2482 il
685 2460 803 2484 Rossini
827 2461 881 2484 ben
906 2461 1026 2484 avrebbe

139 2504 241 2534 potuto
260 2503 414 2530 ricordare.
433 2504 525 2526 atteso
544 2502 565 2525 il
586 2502 707 2526 silenzio
727 2502 801 2534 degli
816 2501 883 2525 altri
904 2502 1026 2526 cron1sti

140 2545 170 2568 in
190 2545 353 2576 proposito.

226 2583 237 2601 ³
259 2586 391 2618 “lignum
412 2586 505 2610 viride
517 2604 540 2616 „‚
560 2585 687 2615 Milan0;
709 2585 722 2598 ⁸
738 2586 844 2609 siccum
856 2602 878 2615 ‚„
898 2586 1027 2609 Ancona.

228 2627 240 2643 ⁴
259 2628 359 2653 Simile
379 2629 555 2660 espressione
575 2626 601 2659 (“
615 2635 667 2658 que
687 2627 826 2660 sapientis
846 2627 956 2659 indiget
981 2635 1028 2651 ex-

142 2668 338 2702 “planatione
349 2669 376 2702 η)
395 2670 433 2694 ho
454 2672 556 2693 notato
575 2677 667 2701 sopra,
688 2677 713 2700 p.
735 2675 776 2696 21.
796 2669 814 2692 l.
837 2675 876 2700 13.

228 2711 240 2727 ⁵
260 2712 288 2736 P.
309 2717 351 2742 27,
370 2712 389 2735 l.
412 2719 482 2743 13-p.
502 2718 536 2744 30
556 2712 574 2735 1.
598 2719 643 2736 ri:
665 2710 806 2734 L'efficace
826 2711 962 2735 orazione
981 2711 1025 2734 del

143 2753 299 2785 veguardo.
328 2754 364 2778 da
393 2761 514 2778 nessuno
540 2753 752 2782 contraddetto‚
777 2753 879 2776 induce
905 2752 925 2775 ii
952 2752 1026 2777 Con-

141 2795 229 2827 siglio
248 2796 283 2820 ad
304 2797 415 2820 inviare
435 2803 490 2819 una
509 2796 711 2820 commissione
736 2795 764 2818 di
789 2797 831 2818 tre
861 2795 952 2818 nobili
973 2802 1026 2818 con

140 2844 197 2861 una
216 2838 323 2869 grande
342 2845 449 2861 somma
468 2838 497 2861 di
519 2838 622 2861 denaro
643 2837 718 2861 fuori
739 2837 768 2860 di
788 2835 858 2860 citt&
877 2843 925 2868 per
945 2836 1028 2860 radu-

143 2887 209 2904 nare
227 2887 266 2904 un
284 2881 404 2904 esercito
424 2881 452 2904 di
472 2887 613 2903 soccorso.
649 2879 688 2903 La
708 2879 918 2907 commissione,
936 2879 1028 2902 uscita

143 2921 190 2946 dal
211 2923 294 2954 porto
314 2930 346 2947 su
365 2929 420 2946 una
440 2922 549 2954 piccola
570 2923 652 2946 barca
671 2923 829 2945 attraverso
850 2920 874 2944 le
896 2921 962 2944 navi
984 2928 1026 2944 ve-

146 2964 270 2995 neziane,
295 2966 318 2988 si
345 2967 427 2998 porta
454 2971 551 2996 presso
577 2963 741 2995 Guglielmo
768 2962 960 2991 Marchesella,
979 2963 1030 2986 che

1077 1704 1166 1728 allora
1187 1710 1273 1727 aveva
1295 1703 1314 1726 il
1334 1710 1460 1734 governo
1481 1702 1506 1725 di
1531 1701 1653 1727 [serrata.
1672 1708 1686 1724 c
1707 1708 1752 1731 per
1772 1701 1913 1731 ronsiglio
1928 1701 1956 1723 di

1078 1747 1176 1776 questo
1189 1747 1211 1769 si
1228 1752 1289 1769 reca
1304 1745 1390 1769 anche
1404 1745 1438 1768 da
1453 1743 1580 1768 Aldruda
1600 1745 1728 1767 contessa
1749 1743 1778 1766 di
1798 1743 1957 1765 Bertinoro,

1077 1787 1182 1815 Ques-ta
1202 1788 1306 1812 ordina
1326 1794 1381 1810 una
1401 1788 1461 1810 leva
1480 1786 1610 1818 generale
1631 1785 1660 1808 in
1681 1786 1748 1808 tutti
1772 1787 1777 1808 i
1801 1786 1860 1807 suoi
1884 1785 1954 1807 vasti

1077 1829 1197 1854 domini.
1234 1829 1398 1861 Guglielmo
1425 1836 1504 1861 passa
1532 1829 1559 1851 in
1576 1827 1740 1851 Lombardia
1767 1834 1814 1857 per
1833 1826 1958 1848 arrolare
2006 1830 2016 1849 ξ

1075 1872 1191 1900 ιιιίΗΖίο,
1206 1880 1220 1895 e
1232 1879 1286 1895 non
1301 1870 1483 1902 bastandogli
1498 1870 1517 1893 il
1533 1870 1637 1893 (lenaro
1653 1870 1781 1901 irnpegns
1797 1869 1862 1891 tutti
1876 1867 1884 1890 i
1897 1866 1958 1890 suoi

1075 1913 1196 1946 possessi
1214 1921 1228 1936 e
1243 1913 1345 1945 prende
1365 1920 1418 1936 con
1433 1911 1461 1935 sc
1480 1912 1568 1935 anche
1589 1912 1595 1934 i
1611 1911 1669 1942 figli
1685 1910 1758 1942 degli
1774 1909 1860 1933 amici
1880 1917 1893 1932 e
1913 1909 1955 1931 ‹lci

1077 1956 1174 1985 fedeli:
1195 1964 1247 1980 con
1269 1957 1293 1979 le
1314 1955 1390 1979 forze
1410 1953 1469 1978 cosi
1492 1954 1627 1978 mdunatc
1648 1955 1669 1976 si
1691 1956 1772 1984 porta
1794 1959 1889 1983 presso
1903 1950 1955 1973 Ra-

1077 2005 1169 2022 venna
1188 1999 1222 2022 (la
1243 1998 1338 2021 Pictro
1358 1997 1522 2021 Traversari
1542 2003 1593 2019 suo
1611 1995 1714 2027 cugino
1739 2001 1753 2017 e
1773 1994 1883 2017 fautore
1909 1993 1955 2015 de-

1076 2040 1118 2071 gli
1138 2041 1231 2068 Svevi,
1252 2039 1272 2062 il
1291 2039 1374 2069 quale
1393 2039 1414 2061 si
1437 2044 1590 2069 preparava
1609 2037 1642 2060 ad
1666 2035 1825 2067 impedirgli
1842 2035 1860 2057 il
1877 2041 1958 2065 passo

1077 2089 1124 2112 per
1145 2082 1170 2104 le
1189 2089 1236 2104 sue
1257 2082 1337 2108 terre,
1358 2087 1438 2104 senza
1459 2080 1585 2103 lasciarsi
1600 2084 1745 2102 sinuoverc
1758 2078 1791 2100 da
1807 2075 1959 2107 pre-ghiere.

1077 2124 1240 2155 Guglielnio
1259 2123 1357 2148 allora,
1380 2122 1504 2146 vedendo
1523 2122 1571 2145 elie
1591 2121 1627 2151 gli
1649 2120 1662 2144 'e
1683 2119 1859 2151 impossibile
1873 2124 1957 2141 avan·

1078 2172 1140 2188 zare
1161 2173 1240 2188 verso
1261 2165 1379 2188 Ancona
1399 2171 1445 2196 per
1465 2164 1537 2186 altra
1560 2164 1612 2192 via,
1634 2159 1732 2193 percli‘e
1753 2163 1825 2183 tutte
1840 2160 1864 2182 lc
1879 2156 1958 2184 cittii.

1080 2206 1195 2231 suorchiz
1213 2205 1331 2235 Riminiv
1351 2206 1390 2237 gli
1412 2212 1482 2229 sono
1504 2211 1627 2231 avvcrse.
1647 2202 1786 2233 consiglia
1809 2202 1861 2224 “in
1883 2201 1958 2223 bono

1080 2249 1196 2278 ¹⁴doIo„
1218 2255 1233 2272 a
1253 2249 1404 2272 licenziare
1423 2249 1554 2271 ciascuno
1575 2247 1584 2269 i
1605 2245 1703 2278 propri
1723 2243 1826 2267 soldati
1846 2250 1859 2266 e
1879 2250 1893 2265 a
1920 2249 1959 2265 re-

1078 2293 1150 2315 carsi
1170 2291 1287 2315 insieme
1303 2298 1356 2314 con
1378 2291 1416 2314 lui
1437 2290 1471 2313 ad
1492 2289 1611 2312 Ancona
1626 2295 1673 2318 per
1687 2286 1790 2310 ossrirsi
1806 2285 1959 2308 mediatore

1078 2334 1105 2357 di
1127 2341 1202 2365 pace.
1239 2333 1262 2356 Ῑ1
1281 2332 1445 2356 Traversari
1466 2332 1640 2358 acvonsente,
1653 2338 1666 2353 e
1681 2329 1799 2353 licenzia
1813 2326 1960 2351 scnz'altro

1079 2376 1089 2399 i
1114 2377 1192 2404 suoi:
1213 2375 1234 2398 il
1255 2373 1438 2398 Marchesella
1459 2374 1564 2400 invece‚
1590 2371 1665 2403 dopo
1690 2377 1755 2393 aver
1781 2367 1960 2392 cornunlcato

1080 2418 1105 2441 ai
1131 2418 1226 2449 propri
1253 2417 1274 2440 il
1307 2417 1388 2448 patto
1417 2414 1556 2448 stipulam
1585 2413 1629 2436 col
1658 2411 1831 2440 'ri-aversari,
1859 2410 1960 2433 ordina

1079 2459 1156 2483 bensi
1183 2459 1246 2482 loro
1271 2458 1299 2482 di
1329 2460 1441 2481 tornare
1470 2457 1605 2483 indietro,
1631 2462 1673 2478 ma
1699 2453 1796 2477 chiede
1822 2452 1908 2475 anche
1934 2458 1961 2474 se

1080 2502 1202 2525 credono
1221 2501 1249 2524 di
1271 2503 1351 2532 poter
1375 2507 1464 2523 essere
1489 2500 1524 2522 da
1550 2499 1588 2522 lui
1617 2496 1746 2521 disciolti
1772 2495 1819 2518 dal
1846 2493 1962 2517 vincolo

1079 2544 1125 2568 del
1144 2544 1336 2575 giuraniento:
1368 2540 1529 2573 dopodiche
1548 2541 1573 2564 si
1603 2540 1687 2564 avvia
1720 2538 1764 2561 col
1796 2535 1962 2560 Traversari

1080 2588 1167 2610 stesso
1187 2585 1244 2608 alla
1264 2585 1344 2608 volta
1362 2584 1392 2608 di
1412 2583 1541 2607 Ancona.
1578 2581 1623 2605 Ma
1637 2581 1727 2604 allora
1742 2578 1892 2603 Adelardo,
1907 2577 1962 2600 fra-

1080 2627 1150 2651 tello
1169 2627 1199 2651 di
1213 2625 1386 2658 Guglielmo,
1401 2623 1664 2657 comprendendone
1677 2622 1703 2645 le
1717 2628 1780 2645 vere
1793 2618 1962 2644 intenzioni.

1081 2670 1190 2701 rivolge
1209 2670 1287 2693 brevi
1308 2669 1407 2700 parole
1426 2668 1481 2691 alle
1501 2666 1615 2690 milizie.

1167 2709 1178 2725 ὅ
1198 2711 1360 2742 Guinelmo
1380 2709 1418 2733 111
1437 2709 1512 2732 della
1532 2709 1646 2732 illustre
1673 2704 1803 2736 samiglia
1830 2704 1962 2727 serrarese

1081 2753 1154 2784 degli
1181 2752 1326 2779 Adelardi.
1351 2751 1605 2783 soprannominata
1631 2748 1675 2771 dei
1700 2745 1891 2771 Marchesella.
1917 2751 1962 2767 era

1081 2796 1150 2818 nato
1170 2795 1212 2818 sul
1233 2794 1379 2826 principio
1399 2793 1443 2816 del
1464 2791 1558 2816 secolo
1578 2790 1629 2815 ΧΠ
1655 2790 1690 2813 da
1717 2787 1879 2819 Gugliclmo
1899 2785 1962 2809 Bul-

1081 2843 1150 2867 garo
1169 2836 1194 2859 11
1213 2844 1226 2858 e
1246 2836 1281 2858 da
1300 2835 1437 2858 Adelasia
1456 2833 1549 2857 d‘Este
1568 2831 1601 2855 ed
1627 2839 1673 2855 era
1699 2829 1814 2853 fratello
1839 2828 1867 2851 di
1889 2827 1961 2850 Ade-

1081 2878 1171 2905 lardo,
1192 2878 1308 2901 insieme
1327 2877 1371 2900 col
1403 2877 1485 2907 quale
1503 2881 1664 2907 governava
1696 2873 1812 2896 Ferrara
1831 2871 1875 2893 sin
1904 2869 1962 2892 dal-

1081 2921 1175 2944 l'anno
1195 2920 1271 2943 della
1298 2921 1387 2942 morte
1413 2918 1456 2941 del
1481 2917 1566 2949 padre
1592 2914 1692 2946 (1146).
1728 2915 1763 2937 Su
1790 2912 1820 2935 di
1846 2912 1896 2939 lui,
1915 2910 1964 2933 che

1083 2964 1164 2986 tanta
1184 2964 1262 2994 parte
1282 2962 1350 2987 ebbe
1369 2960 1445 2984 nella
1463 2960 1554 2984 storia
1574 2958 1648 2982 dena
1667 2963 1714 2980 sua
1734 2952 1812 2982 citta,
1831 2954 1858 2977 al
1883 2951 1966 2984 quale

2008 1074 2059 1090 xiv«
2102 1084 2120 1093 ,,

1989 2247 2018 2271 55

1989 2447 2022 2470 60
