2287 3466
262 2275 292 2292 10

264 2482 292 2507 15

258 2745 291 2763 20

324 148 372 183 40
1037 146 1422 182 BONCOMPAGNI
1969 154 2019 187 [A.
2041 157 2131 189 1173]

321 280 357 311 in
381 280 527 322 quodam
551 278 686 310 monte¹
719 289 786 310 non
823 278 922 320 longe
947 278 989 309 ab
1021 279 1174 310 exercitu
1204 278 1412 315 cancellarii,
1444 279 1522 320 quia
1552 279 1713 310 inclinata
1746 286 1817 312 erat
1845 280 1912 312 iam
1936 281 2019 318 dies,
2041 281 2132 313 unde

319 333 462 374 prelium
486 331 642 373 incipere
667 331 864 373 nequibant.
911 330 992 370 (Sed
1015 337 1115 362 nocte
1139 330 1413 376 superveniente,
1428 331 1525 374 jussit
1550 331 1762 363 Guillielmus
1785 334 1877 375 quod
1899 334 2049 366 universi
2071 334 2133 365 mi-

320 386 398 416 lites
422 391 457 416 et
480 385 634 416 scutiferi
659 384 822 416 candelas
845 394 992 425 propere
1017 384 1260 420 accenderent,
1284 390 1317 415 et
1340 384 1480 426 quisque
1512 384 1595 415 duas
1626 384 1680 415 vel
1711 385 1825 426 plures
1855 396 1956 427 super
1977 387 2131 418 lanceam

318 443 471 480 poneret,
495 444 531 468 ut
555 437 725 468 exercitus
750 436 947 468 cancellarii
971 443 1165 468 terreretur.
1212 435 1315 473 Quod
1339 437 1480 478 quilibet
1496 437 1613 468 facere
1637 437 1765 469 studuit
1787 438 1859 470 sine
1883 450 1985 470 mora.
2032 440 2133 472 Unde

320 491 444 532 singuli
468 490 712 531 exploratores,
735 491 792 532 qui
815 489 858 521 ab
883 489 1003 521 eodem
1035 490 1171 521 fuerant
1202 489 1408 521 cancellario
1440 490 1588 521 studiose
1620 490 1815 528 transmissi,
1846 491 1890 523 de
1921 492 2135 533 circapositis
2179 491 2197 522 5

318 542 486 574 montibus
508 542 769 574 innumerabilia
792 542 970 574 luminaria
993 542 1225 584 respicientes,
1256 543 1300 574 ad
1324 543 1432 584 ipsum
1458 542 1623 574 continuo
1647 543 1835 581 redierunt,
1866 545 2048 576 referendo
2080 545 2133 575 fir-

319 596 419 627 miter
444 596 486 628 de
510 596 744 638 magnitudine
769 596 1040 637 supervenientis
1062 595 1240 632 exercitus,
1270 607 1358 638 quae
1382 596 1560 628 veritatem
1589 596 1756 628 excedere
1785 598 2010 638 proculdubio
2040 598 2134 630 vide-

319 649 451 680 bantur.
497 648 559 680 Est
581 649 670 680 enim
694 648 865 690 generalis
888 649 1081 680 mortalium
1107 649 1316 680 consuetudo
1340 649 1374 680 in
1397 648 1499 679 rebus
1526 648 1680 679 maximis
1709 649 1931 691 hyperbolice
1961 650 2066 692 loqui3
2101 657 2135 682 et

317 702 353 733 in
375 701 556 742 repentina
578 702 765 733 mutatione
788 713 901 733 rerum
929 701 1043 744 lingua
1066 712 1132 733 non
1157 702 1267 743 parcit
1291 702 1534 738 conscientiae,
1557 702 1617 732 sed
1649 700 1771 732 labitur
1800 703 1902 735 facile
1930 703 1963 734 in
1994 704 2134 734 menda-

318 755 416 791 cium,
440 755 520 796 quia
543 754 707 786 fluxibilis
731 760 765 786 et
794 755 933 786 derecta
963 761 1013 786 est
1044 755 1220 786 voluntati.
1266 754 1499 787 Cancellarius
1530 760 1653 791 autem,
1685 755 1771 786 haec
1803 755 1952 795 audiens,
1983 756 2132 799 aliquan·
2162 757 2198 787 10

318 807 424 838 tulum
453 807 650 839 retrocessit
672 813 706 839 et
733 817 808 838 cum
840 807 907 838 suis
939 807 1132 838 hominibus
1165 818 1199 839 se
1229 808 1381 849 reposuit
1409 807 1444 838 in
1476 808 1624 849 quodam
1656 813 1770 839 monte
1801 808 2021 841 munitissimo
2051 819 2133 850 prae

317 860 461 900 timore.)
507 860 606 891 Tunc
632 858 861 903 Gilglielmus‚
884 859 1074 891 ascendens
1096 859 1131 891 in
1155 860 1413 892 eminentiorem
1445 860 1567 898 locum,
1590 860 1749 901 precepit
1778 866 1815 892 ut
1846 870 1962 892 omnes
1992 862 2134 892 militum

318 913 539 955 peditumque
563 913 722 945 cohortes
746 913 969 944 convenirent
991 923 1138 955 propere
1162 913 1206 945 ad
1231 912 1449 950 audiendum,
1481 919 1513 944 et
1544 913 1635 954 cepit
1664 913 1698 944 in
1730 915 1820 945 hunc
1852 914 1988 946 modum
2020 925 2134 946 coram

318 965 472 997 omnibus
495 975 676 1007 perorare:

408 1019 531 1050 “Ordo
554 1028 666 1050 rerum
691 1019 799 1060 exigit
823 1024 857 1050 et
880 1018 1036 1050 instantis
1066 1019 1212 1059 periculi
1242 1019 1428 1051 necessitas
1456 1019 1597 1062 requirit
1610 1018 1632 1057 ²,
1663 1025 1700 1050 ut
1729 1029 1792 1060 pro
1823 1019 1959 1051 comuni
1989 1020 2134 1052 utilitate
2162 1020 2198 1051 15

323 1072 463 1114 “aliqua
487 1072 520 1103 in
544 1072 660 1103 medio
683 1077 832 1103 vestrum
855 1072 1016 1108 referam,
1040 1078 1074 1103 et
1097 1082 1138 1103 ea
1169 1071 1285 1103 dicere
1316 1081 1385 1102 non
1416 1078 1631 1113 postponam,
1664 1083 1728 1114 que
1758 1073 1803 1104 ad
1834 1083 1979 1104 comune
2010 1072 2135 1104 videbo

321 1124 335 1139 “
350 1125 566 1156 commodum
592 1125 774 1165 pertinere.
821 1124 907 1156 Cum
931 1135 1041 1165 nuper
1064 1125 1091 1155 F
1093 1125 1221 1156 errarie
1238 1124 1468 1161 consisterem,
1485 1131 1518 1156 et
1534 1125 1671 1156 deliciis
1686 1125 1931 1166 temporalibus
1946 1126 2136 1158 secundum

321 1177 335 1192 “
351 1177 461 1218 patrie
486 1178 767 1209 consuetudinem
792 1178 930 1218 potirer,
954 1177 1108 1218 plurimis
1131 1178 1361 1209 referentibus
1385 1178 1549 1215 intellexi,
1572 1179 1666 1220 quod
1690 1178 1917 1210 cancellarius
1949 1184 1982 1210 et
2012 1179 2137 1211 Veneti

322 1231 335 1246 “
353 1231 526 1262 civitatem
551 1230 756 1262 Anchonam
780 1230 994 1267 obsidebant,
1017 1241 1090 1261 eam
1115 1229 1245 1272 absque
1270 1241 1374 1262 causa
1398 1231 1592 1262 rationabili
1618 1231 1795 1262 destruere
1813 1233 2001 1273 cupientes.
2048 1230 2138 1269 Que,

322 1284 335 1298 “
352 1283 433 1314 licet
456 1294 567 1314 meum
591 1284 740 1314 animum
765 1283 947 1324 plurimum
972 1283 1322 1324 comm0[mo]verent,
1347 1294 1399 1314 me
1423 1290 1535 1315 tamen
1559 1295 1578 1315 a
1602 1284 1720 1326 quiete
1743 1284 1883 1315 minime
1907 1290 2137 1322 removerunt,
2160 1286 2201 1316 20

322 1338 336 1353 “
350 1337 414 1367 nisi
438 1346 515 1367 cum
539 1337 632 1367 cives
655 1342 690 1368 et
713 1336 861 1368 civitatis
884 1336 1041 1367 dominas
1064 1342 1159 1367 tanta
1181 1336 1333 1367 intellexi
1357 1337 1500 1378 penuria
1525 1336 1692 1374 laborare,
1716 1338 1810 1379 quod
1834 1347 1998 1379 equorum
2016 1348 2139 1369 carnes

321 1389 334 1404 ‘⁶
349 1395 383 1420 et
406 1388 560 1420 marcida
584 1389 744 1420 intestina
767 1389 844 1420 loco
869 1388 1077 1420 cibariorum
1102 1388 1376 1420 desiderabilium
1395 1389 1667 1421 commedebant.
1706 1389 1763 1421 Ad
1779 1390 1845 1421 hoc
1862 1390 1954 1430 quod
1970 1390 2136 1421 iudicium

322 1441 506 1473 “valerent
537 1442 684 1473 evadere
720 1441 962 1473 destructionis
975 1440 997 1478 ³,
1029 1441 1226 1483 excogitavi
1255 1442 1418 1473 continuo
1449 1452 1613 1472 summam
1645 1452 1717 1474 esse
1750 1443 1911 1474 virtutem
1943 1443 2137 1475 consimilia

325 1495 552 1537 “gravamina
583 1494 790 1536 patientibus
822 1504 884 1536 pro
915 1495 1043 1526 tuenda
1073 1494 1231 1526 libertate
1262 1495 1416 1526 favorem
1449 1500 1481 1525 et
1508 1495 1736 1535 patrocinium
1768 1495 1942 1528 exhibere.
1988 1496 2137 1538 Dignum

322 1548 515 1589 “siquidem
539 1554 589 1578 est
612 1554 646 1578 et
669 1547 793 1578 rationi
817 1553 1085 1578 consentaneum
1109 1547 1293 1589 suffragari
1317 1547 1488 1586 virtuosis,
1513 1554 1549 1579 ut
1573 1548 1616 1579 de
1641 1548 1766 1579 virtute
1791 1549 1827 1579 in
1843 1548 2001 1580 virtutem
2018 1559 2138 1580 ascen·
2161 1549 2200 1580 25

323 1602 337 1617 “
352 1601 433 1632 dant
445 1600 466 1631 ⁴².
513 1601 614 1632 Unde
639 1607 820 1642 postquam
843 1599 1162 1632 Anchonitanorum
1186 1601 1322 1632 nuntios
1339 1600 1419 1637 vidi,
1436 1607 1556 1642 sponte
1573 1611 1626 1631 me
1642 1601 1710 1632 illis
1727 1601 1833 1633 obtuli
1849 1601 1893 1633 ad
1909 1602 2137 1639 serviendum,

323 1654 429 1695 “quia
454 1654 546 1684 fama
569 1653 768 1695 preambula
791 1654 840 1685 sic
864 1664 918 1684 me
943 1653 1163 1691 animaverat,
1187 1654 1280 1695 quod
1305 1654 1355 1685 eis
1378 1665 1490 1685 meum
1514 1654 1714 1695 obsequium
1738 1653 1911 1698 denegare
1943 1654 2137 1696 nequibam.

322 1709 335 1723 ‘⁴
351 1708 411 1738 Est
435 1706 523 1738 enim
548 1707 640 1738 fama
664 1706 820 1743 celebris,
844 1717 898 1738 res
922 1706 1165 1747 persuasibilis,
1182 1712 1215 1738 et
1231 1706 1454 1738 animositatis
1470 1707 1665 1743 inductiva3
1683 1714 1716 1738 et
1732 1707 1929 1739 multotiens
1945 1717 2011 1739 non
2030 1708 2139 1739 minus

323 1761 533 1802 “persuadet
556 1760 649 1791 fama
674 1770 775 1801 quam
800 1760 939 1791 factum.
985 1760 1129 1791 Accessi
1154 1770 1235 1803 ergo
1266 1760 1360 1802 prius
1392 1761 1434 1791 ad
1465 1761 1641 1802 speculum
1673 1761 1900 1800 dominarum,
1931 1761 2136 1792 comitissam

408 1897 429 1914 1.
450 1897 506 1914 non
527 1891 611 1921 longe
630 1890 660 1913 in
680 1889 799 1921 quodam
820 1892 915 1914 monte
937 1891 960 1915 C
977 1891 1010 1913 ed
1029 1891 1063 1913 M
1080 1904 1110 1907 -
1132 1897 1155 1914 2.
1176 1891 1312 1922 proelium
1334 1892 1369 1913 M
1385 1904 1415 1907 —
1438 1897 1507 1914 2-12.
1529 1892 1554 1914 P
1570 1899 1617 1914 om.
1631 1892 1653 1914 il
1665 1891 1746 1914 bruno
1765 1892 1817 1915 Sed
1839 1893 1920 1914 nocte
1938 1892 2134 1923 supervenien-

318 1935 395 1957 te...
407 1949 414 1957 .
434 1940 499 1964 prae
518 1932 627 1960 timore,
647 1933 691 1955 che
711 1940 802 1955 manca
822 1934 900 1956 anche
920 1932 946 1955 in
974 1933 999 1960 1',
1019 1934 1124 1955 essendo
1143 1936 1275 1962 compreso
1296 1934 1366 1956 nella
1385 1933 1480 1956 lacuna
1499 1933 1529 1956 di
1546 1937 1632 1963 questo
1652 1934 1705 1956 cod.
1725 1934 1759 1956 da
1779 1941 1799 1956 c.
1815 1941 1877 1963 33¹1)
1897 1942 1912 1957 α
1931 1942 1953 1957 c.
1971 1938 2045 1963 3717‘:
2059 1933 2095 1965 qs.
2108 1935 2135 1957 Ia

314 1975 480 2005 prefazione.
519 1975 561 1997 Do
581 1974 673 2004 quindi
691 1974 713 1997 il
731 1978 794 1998 teslo
814 1974 843 1998 di
862 1975 900 2001 All.
921 1975 1070 1997 atmolamlo
1089 1977 1114 1998 le
1133 1976 1257 1998 varianti
1275 1976 1303 1998 di
1323 1976 1346 1999 C
1363 1987 1373 1993 -
1393 1975 1467 1998 fiuxit
1494 1975 1516 1997 C
1539 1988 1570 1991 —-
1598 1981 1648 2005 2-3.
1670 1975 1786 1998 millites
1807 1976 1829 1999 C
1847 1989 1878 1991 —
1900 1983 1924 2005 4.
1944 1975 2093 1998 cancelarii
2117 1975 2139 1998 C

319 2030 327 2034 -
348 2019 452 2040 teretur
463 2015 493 2049 [Ρ]
515 2017 536 2040 C
555 2030 585 2032 —
608 2023 629 2046 5.
651 2016 770 2047 singulli
791 2017 813 2041 C
832 2029 840 2033 -
863 2016 986 2040 tuerrant
1000 2017 1029 2047 Ιὲ]
1051 2017 1208 2040 cancelario
1230 2018 1253 2041 C
1270 2029 1278 2034 -
1300 2018 1442 2040 transmisi
1465 2018 1487 2040 C
1503 2030 1511 2034 -
1529 2017 1739 2048 circumpositis
1761 2018 1782 2041 C
1801 2031 1831 2033 ξ
1852 2017 1876 2040 6.
1897 2017 2048 2041 refl'erendo
2071 2018 2135 2041 C—

320 2065 343 2089 7.
363 2067 414 2089 que
435 2060 458 2084 C
478 2072 506 2076 —-
529 2058 552 2082 S.
574 2058 702 2081 mortalis
725 2058 747 2081 C
764 2071 773 2076 -
798 2058 959 2090 yperboliee
983 2059 1004 2081 C
1022 2072 1053 2075 —
1073 2066 1096 2089 ¹)-
1118 2060 1292 2083 conscientie
1316 2059 1338 2081 C
1355 2072 1385 2075 -
1406 2066 1477 2089 9-10.
1499 2059 1594 2082 saville
1614 2059 1643 2082 in
1664 2059 1836 2082 mendatium
1859 2059 1880 2082 C
1898 2073 1929 2076 —
1952 2065 1990 2083 ιο.
2011 2059 2135 2083 cancela-

319 2102 376 2124 rius
400 2101 421 2124 C
439 2114 446 2117 —
466 2101 515 2124 hec
539 2100 560 2123 C
579 2115 608 2118 —
625 2107 665 2124 11.
685 2101 833 2123 retrocesit
857 2100 896 2123 C-
916 2109 962 2131 pre
985 2100 1007 2123 C
1025 2115 1055 2118 —
1078 2108 1115 2124 12.
1137 2100 1319 2124 Guillielmus
1343 2100 1365 2124 C
1381 2102 1414 2124 ed
1431 2102 1466 2124 M
1481 2114 1493 2118 -
1512 2101 1661 2124 assendens
1676 2102 1699 2125 C
1716 2114 1726 2118 -
1747 2101 1787 2131 in]
1801 2102 1830 2124 in
1846 2102 1875 2125 in
1890 2103 1938 2126 P·
1951 2103 2091 2133 praecepit
2105 2102 2142 2126 M

318 2155 328 2160 —
349 2143 485 2166 millitum
509 2142 543 2171 C3
564 2142 669 2166 milites
689 2144 745 2166 turn
767 2142 947 2173 peditumque
973 2143 996 2166 V
1013 2157 1042 2161 —
1066 2150 1104 2174 13.
1125 2150 1235 2174 proerre
1259 2142 1280 2165 C
1297 2156 1304 2160 -
1323 2143 1446 2175 precepit
1470 2143 1504 2172 C3
1524 2144 1651 2175 incoepit
1672 2144 1707 2166 Jll
1729 2157 1760 2160 —
1790 2151 1875 2174 13-14.
1894 2151 1986 2167 coram
2007 2144 2136 2167 omnibus

321 2186 348 2207 in
369 2185 441 2208 hunc
461 2185 572 2208 modum
603 2185 625 2207 V
639 2199 669 2202 —
693 2191 732 2215 14.
752 2185 828 2214 Depo
842 2192 971 2216 perorare
984 2194 1065 2216 segue
1080 2186 1105 2208 in
1120 2186 1161 2208 M:
1177 2184 1245 2216 Cap.
1259 2184 1330 2208 XIX.
1368 2184 1468 2208 Oratio
1484 2184 1641 2208 Guillielmi
1657 2185 1833 2209 Marcheselli
1847 2184 1945 2218 [questo
1958 2186 2031 2209 titolo
2045 2193 2136 2210 manca

321 2227 346 2250 in
369 2226 396 2255 C,
416 2228 474 2250 011¹&
494 2227 603 2250 rimasto
623 2227 649 2249 in
668 2227 758 2250 bianco
779 2228 802 2250 lo
822 2227 911 2256 spazio
931 2227 1061 2257 relalt'zo]
1083 2241 1109 2244 —
1136 2234 1174 2259 15.
1195 2228 1335 2250 communi
1357 2228 1392 2250 M
1414 2240 1445 2243 —
1476 2226 1512 2250 16.
1540 2227 1660 2251 refl‘eram
1692 2227 1713 2251 C
1735 2241 1743 2245 -
1768 2235 1914 2251 comunem
1943 2228 1964 2250 C
1985 2241 1993 2245 ·
2020 2227 2134 2258 videbo]

321 2269 453 2291 videntur
467 2269 541 2291 M*
562 2274 600 2298 17.
613 2269 762 2291 comodum
785 2269 821 2291 V-
843 2269 972 2292 ferarium
1002 2270 1032 2295 1⁷:
1055 2270 1154 2292 serarie
1178 2268 1212 2299 ἒς
1233 2269 1375 2292 Ferrariae
1395 2269 1429 2292 Μ
1447 2283 1476 2285 —
1501 2270 1586 2299 17—18.
1608 2269 1757 2293 secundum
1778 2270 1885 2301 patriae
1904 2270 2136 2293 consuetudinem

316 2319 364 2334 om.
387 2311 408 2333 C
426 2311 458 2333 ed
475 2311 510 2333 M
528 2324 558 2327 —
582 2310 620 2333 18.
641 2311 747 2341 potiret
776 2311 799 2333 Ι*
814 2324 843 2326 -
868 2317 905 2339 10.
926 2311 1138 2335 Anconitanam
1167 2312 1192 2340 V,
1216 2311 1238 2334 C
1255 2312 1288 2334 ed
1306 2312 1341 2334 M
1358 2325 1388 2327 —
1410 2318 1449 2334 20.
1471 2312 1621 2342 plurimum
1643 2319 1732 2335 meum
1753 2313 1877 2335 animum
1905 2313 1934 2340 1’;
1956 2311 2076 2343 plurima
2092 2311 2136 2335 C·

320 2353 524 2376 commoverint
544 2353 621 2375 i'lI—
636 2358 677 2375 22.
691 2353 816 2375 marcina
844 2353 886 2375 1'-
905 2353 1031 2376 ciborum
1055 2353 1076 2375 C
1093 2354 1127 2376 ed
1146 2354 1180 2376 ΔΙ
1196 2365 1206 2369 -
1227 2353 1470 2376 desciderabilium
1495 2352 1518 2376 C
1535 2366 1542 2370 -
1563 2354 1745 2377 comedebant
1769 2353 1796 2384 V,
1821 2353 1843 2376 C
1860 2355 1893 2377 ed
1911 2355 1946 2377 M
1962 2366 1993 2370 ——
2008 2360 2048 2384 23.
2063 2353 2136 2377 vale-

319 2392 393 2423 rent]
413 2395 513 2424 posent
537 2393 569 2422 C;
590 2395 706 2424 possent
727 2394 762 2416 ΑΙ
777 2407 785 2411 -
806 2394 979 2417 consimillia
1002 2396 1024 2418 C
1042 2408 1073 2411 ἡ
1095 2401 1135 2425 24.
1154 2395 1332 2425 pacientibus
1354 2394 1376 2417 C
1393 2407 1402 2412 -
1422 2395 1533 2418 exibere
1556 2395 1619 2418 C-
1636 2401 1676 2425 25.
1690 2397 1731 2419 est
1745 2396 1882 2426 siquidem
1900 2395 1966 2418 Ceti
1978 2396 2007 2419 M
2022 2407 2032 2413 -
2046 2393 2133 2418 sufra-

319 2436 379 2466 gari
403 2434 435 2463 ἲς
457 2435 604 2466 suffragare
630 2436 658 2463 G,
674 2439 772 2458 mentre
792 2436 856 2458 tulli
874 2436 884 2458 i
901 2437 974 2459 codd.
995 2436 1077 2459 Ιιαηηο
1096 2438 1123 2459 la
1142 2437 1280 2459 desinema
1296 2437 1410 2466 passiva
1430 2450 1461 2453 —
1483 2436 1523 2459 26.
1545 2435 1672 2467 nuntios]
1693 2437 1718 2460 in
1742 2436 1765 2459 C
1780 2439 1807 2460 la
1826 2438 1936 2460 secanda
1957 2444 1972 2459 n
1992 2437 2005 2459 ὲ
2024 2437 2134 2463 abra-§cu

323 2478 406 2500 nutus
427 2478 461 2500 M
476 2489 487 2494 -
507 2476 579 2508 illis]
594 2477 726 2500 videlicet
740 2478 776 2500 Μ
791 2490 800 2494 -
821 2477 905 2500 ottuli
935 2478 966 2507 1⁷3
980 2478 1073 2509 optuli
1097 2477 1119 2501 C
1135 2491 1167 2494 —-
1188 2483 1229 2507 27.
1249 2478 1426 2509 praeambula
1446 2479 1483 2502 M
1497 2492 1508 2496 -
1529 2480 1568 2502 eis
1589 2478 1690 2509 meum]
1711 2480 1751 2502 eis
1770 2479 1799 2502 in
1820 2485 1881 2502 eum
1905 2478 1938 2508 (ἔς
1953 2479 1981 2501 in
1996 2485 2089 2502 eorum
2104 2479 2142 2502 M

319 2532 349 2535 -
371 2518 411 2542 28.
432 2518 519 2549 enim]
540 2519 628 2550 igitur
652 2518 674 2541 C
691 2520 724 2542 ed
741 2520 777 2542 M
793 2531 800 2535 —
821 2519 988 2550 persuabilis
1013 2519 1037 2541 V
1051 2528 1064 2543 e
1087 2519 1121 2548 03
1140 2521 1301 2552 persuasiva
1328 2522 1352 2543 (ι’
1369 2534 1401 2536 -
1421 2527 1462 2552 29.
1483 2519 1568 2551 fama]
1591 2521 1689 2547 forma,
1709 2529 1751 2544 ma
1770 2524 1884 2544 corretto
1903 2521 1929 2544 iu
1948 2521 2071 2551 margine
2090 2528 2134 2544 con

320 2560 403 2588 sama,
425 2561 446 2584 C
464 2572 475 2577 -
494 2560 651 2584 comittissa
677 2560 708 2588 V;
728 2561 902 2584 comitissam
922 2559 1120 2591 [comittissam
1144 2560 1178 2592 C]
1199 2562 1331 2585 videlicet
1351 2563 1383 2585 de
1404 2562 1558 2586 Britonoro
1580 2563 1602 2586 C
1620 2564 1654 2586 ed
1670 2563 1706 2585 M

409 2655 414 2670 ¹
435 2656 458 2680 Il
478 2655 627 2680 Ciavarini
646 2656 687 2688 (in
710 2659 776 2680 nota
796 2657 822 2680 al
850 2657 997 2681 BERNABm
1024 2658 1080 2686 cit.,
1106 2666 1130 2690 p.
1158 2657 1202 2689 46)
1259 2660 1269 2670 ⁴*
1284 2659 1322 2681 rit
1342 2660 1367 2682 et
1389 2660 1463 2682 ratio
1484 2659 1605 2690 precipit
1625 2659 1772 2688 naturalis,
1791 2659 1863 2690 quod
1876 2677 1888 2689 ῃ
1912 2660 1963 2682 etc.
2165 2663 2196 2689 25

320 2698 416 2722 addita
437 2699 481 2721 nel
502 2698 515 2710 Π
529 2699 648 2728 monte„
670 2698 695 2722 le
715 2699 805 2722 alture
825 2699 851 2722 di
873 2699 1037 2727 Falconem-a,
1059 2700 1202 2723 “castello
1343 2699 1353 2715 ³
1373 2701 1436 2724 Una
1463 2701 1534 2724 frase
1560 2701 1649 2724 simile
1676 2700 1750 2724 nella
1776 2701 1866 2724 forma
1890 2709 1903 2724 e
1929 2700 1973 2724 nel
1999 2700 2139 2732 pensiero,

321 2741 333 2752 “
345 2748 359 2764 a
379 2741 478 2771 cinque
498 2740 595 2772 miglia
615 2740 650 2764 da
664 2741 782 2764 Ancona
796 2750 825 2771 ης
844 2748 897 2764 con
913 2741 952 2764 lui
968 2743 1010 2765 sta
1026 2742 1044 2765 il
1059 2741 1201 2766 GUGLIEL-
1257 2742 1269 2753 “
1283 2745 1440 2766 mereantur
1459 2743 1574 2766 evadere
1595 2743 1731 2766 iudicium
1756 2743 1875 2766 ultionis
1885 2760 1909 2774 ῃ,
1935 2744 1957 2765 si
1984 2744 2067 2766 trova
2093 2743 2137 2766 nel

318 2788 423 2811 mern,
442 2785 481 2812 op.
501 2790 515 2805 e
534 2783 590 2806 vol.
611 2784 666 2812 cit„
689 2790 714 2814 p.
735 2788 794 2813 320,
815 2791 857 2806 ma
877 2783 985 2807 l'aveva
1010 2783 1055 2814 gia
1082 2784 1159 2807 detto
1179 2785 1200 2807 il
1262 2785 1374 2808 Tractus
1394 2785 1468 2808 della
1488 2785 1576 2808 Messa
1597 2785 1640 2816 pei
1662 2784 1772 2808 defunti
1794 2785 1916 2808 secondo
1935 2785 1956 2808 il
1977 2784 2080 2808 rituale
2093 2791 2137 2808 ro-

317 2824 423 2854 Vomr,
442 2827 482 2854 op.
501 2825 554 2852 cit„
574 2832 600 2856 p.
623 2823 679 2855 138.
1257 2834 1356 2856 manog
1378 2827 1445 2850 frasi
1467 2827 1555 2850 simili
1574 2827 1609 2850 ha
1628 2827 1714 2850 Bone.
1729 2834 1743 2850 a
1757 2834 1782 2858 p.
1798 2833 1838 2858 23,
1853 2827 1871 2850 l.
1886 2834 1909 2857 3.
1923 2834 1936 2850 e
1950 2827 2025 2850 nella
2040 2828 2136 2851 Rheto-

403 2863 413 2880 ²
432 2866 494 2890 Una
515 2873 607 2889 mossa
628 2866 722 2890 simile
741 2866 775 2890 ha
796 2866 879 2890 Bone.
900 2867 974 2891 nella
994 2869 1139 2892 Rhetorica
1159 2876 1199 2891 πο·
1256 2869 1313 2892 rica
1333 2869 1451 2900 antiqua,
1471 2869 1512 2892 ed.
1533 2868 1693 2899 Roekinger
1713 2868 1771 2898 cit„
1790 2876 1816 2899 p.
1838 2875 1884 2898 155
1906 2875 1919 2892 e
1942 2867 1997 2892 162.
2163 2875 2196 2900 3⁰

316 2907 423 2931 vissima
443 2906 494 2939 (ed.
517 2909 572 2936 cit.,
592 2915 618 2941 p.
639 2907 712 2938 268):
734 2909 746 2921 “
761 2909 883 2933 Devotio
903 2909 1091 2940 discipulatus
1111 2910 1199 2942 requi-
1344 2909 1353 2924 ⁴
1374 2911 1413 2934 La
1432 2911 1581 2934 medesima
1601 2911 1774 2941 espressione
1794 2918 1808 2934 a
1827 2918 1852 2942 p.
1874 2911 1898 2939 6,
1918 2910 1934 2933 l.
1958 2917 1996 2934 10.
