2287 3466
241 1745 271 1761 10

238 1954 267 1978 15

237 2225 269 2242 20

236 2432 267 2457 ²5

234 2644 268 2668 30

234 2850 266 2875 35

303 166 322 200 8
1023 165 1408 201 BONCOMPAGNI
1959 173 2010 208 [A.
2031 175 2122 209 117³]

299 302 465 337 perpetue
489 296 650 327 memorie
675 295 875 327 mirabiliter
899 296 1010 337 sculpi
1034 296 1120 328 fecit
1143 296 1313 328 troianam
1338 296 1489 328 istoriam
1512 297 1547 328 in
1572 298 1720 339 quadam
1745 299 1903 336 colunne,
1927 310 1993 341 que
2010 299 2122 331 adhuc

299 349 409 380 Rome
433 349 590 379 consistit
614 354 731 379 erecta
744 347 766 379 ¹.
812 348 899 379 Nam
925 348 1075 379 Romani
1099 359 1162 390 per
1185 349 1388 390 sculpturas,
1413 355 1447 381 et
1471 349 1575 381 Greci
1591 360 1653 392 per
1669 350 1861 392 imagines²
1877 362 1990 383 rerum
2006 351 2122 383 excel-

298 411 410 432 sarum
434 406 591 441 posteros
615 411 689 432 esse
713 411 880 432 memores
903 400 1094 432 voluerunt.
1141 401 1201 433 Set
1225 393 1535 433 commendabilius
1564 412 1627 443 per
1657 401 1774 441 libros,
1804 413 1905 445 quam
1937 404 2121 446 sculpturis

299 453 353 484 vel
376 453 592 495 imaginibus,
615 454 781 495 preterita
804 459 1061 485 conservantur.
1107 453 1163 486 Ab
1187 454 1261 495 ipso
1286 455 1414 496 quippe
1439 455 1556 486 mundi
1580 455 1756 497 principio
1779 466 1834 487 res
1857 462 1950 499 geste
1974 457 2072 488 fuere
2104 467 2124 488 a

296 505 450 547 pluribus
466 507 607 538 redacte
625 506 658 537 in
675 507 821 548 scriptis,
837 517 880 538 ne
897 507 1111 548 antiquorum
1129 508 1292 539 memoria
1307 507 1492 549 deperiret.
1516 507 1626 539 Porro
1641 508 1859 551 septuaginta
1882 509 2088 551 interpretes
2099 508 2122 548 ³,

296 559 460 600 Iosephus
474 559 483 574 ⁴
511 566 544 590 et
568 559 781 591 Ieronimus⁵
806 560 956 591 omnium
981 560 1222 603 genealogiam
1245 560 1289 592 ab
1312 559 1425 592 Adam
1449 571 1556 602 usque
1573 560 1617 592 ad
1635 562 1817 594 adventum
1833 562 2000 594 Altissimi
2017 568 2122 594 trans—

299 612 459 649 latarum,
483 612 672 643 Pharaonis
696 619 729 645 et
752 612 932 645 israelitici
954 613 1074 654 populi
1099 614 1193 645 tacta
1216 613 1401 645 studiosius
1425 613 1695 646 conscribentes.
1740 615 1869 647 Verum
1899 616 1977 658 quia
2002 626 2120 657 super-

297 666 399 696 fluum
423 671 510 696 esset
534 667 692 707 exempla
716 667 829 698 omnia
853 676 990 708 ponere,
1013 677 1081 709 que
1112 668 1276 699 memorie
1300 673 1496 704 occurrunt,
1520 667 1735 699 credendum
1767 674 1819 700 est
1848 674 1886 700 ut
1916 668 2059 712 quilibet
2090 669 2124 700 in

296 728 358 749 suo
382 728 509 761 genere
535 725 637 761 atque
660 720 878 760 professione
902 730 964 761 per
987 730 1027 751 ea
1051 731 1116 762 que
1141 720 1269 762 scripta
1292 726 1370 752 sunt
1394 720 1520 752 debeat
1542 720 1645 752 alium
1669 721 1705 752 in
1735 720 1836 753 rebus
1866 722 2122 754 commendabi-

297 771 385 802 libus
408 770 544 809 imitari‚
570 772 745 804 contraria
768 772 904 813 penitus
926 773 1135 814 respuendo,
1159 774 1319 815 quoniam
1342 774 1486 805 aliorum
1511 774 1581 805 vita
1596 772 1696 805 nobis
1712 784 1786 805 esse
1803 774 1907 807 debet
1923 775 2123 816 preambula

297 830 330 855 et
354 825 522 866 magistra.
568 825 678 885 Igitur
700 825 728 857 si
752 826 845 857 cives
868 825 973 867 aliqui
998 836 1017 856 a
1040 825 1183 868 regibus
1205 826 1260 857 vel
1284 825 1500 868 principibus
1531 824 1767 864 obsideantur,
1798 827 1865 859 sint
1887 828 1954 860 illis
1983 826 2125 859 Ancho—

297 877 402 908 nitani
427 878 630 919 exemplum,
655 888 798 920 quorum
824 889 927 910 causa
950 879 1041 910 hunc
1065 878 1189 911 librum
1213 879 1391 921 composui
1404 882 1427 917 ⁶,
1452 879 1485 910 in
1509 889 1577 921 quo
1601 878 1753 911 breviter
1769 880 1965 912 continetur
1981 881 2126 923 qualiter

296 930 436 961 fuerunt
461 941 478 961 a
502 930 711 962 cancellario
736 938 769 962 et
793 931 935 963 Venetis
958 931 1097 969 obsessi,
1121 942 1250 973 suaque
1282 932 1453 974 probitate
1485 938 1587 975 atque
1618 933 1874 973 perseverantia
1905 934 2122 975 postmodum

295 983 339 1014 ab
363 983 544 1015 obsidione
571 983 714 1016 liberati.
762 984 840 1015 Non
864 984 955 1015 enim
980 985 1058 1017 huic
1083 985 1179 1026 operi
1205 985 1345 1028 aliquod
1369 985 1561 1027 apocrifum
1594 985 1784 1023 interserui,
1815 996 1883 1019 non
1913 986 2125 1019 intermiscui

298 1035 432 1067 fabulas
456 1046 569 1078 neque
593 1036 775 1068 abusiones
798 1037 963 1078 poeticas,
987 1037 1091 1069 velud
1115 1038 1232 1079 plures
1255 1037 1290 1069 in
1313 1038 1380 1070 suis
1405 1038 1608 1070 tractatibus
1631 1038 1774 1077 faciunt,
1790 1044 1826 1070 ut
1841 1039 2016 1071 auditores
2031 1049 2125 1071 com-

297 1094 459 1120 moveant
482 1090 527 1121 ad
550 1089 664 1126 risum,
688 1095 740 1121 set
765 1090 878 1122 omnia
903 1091 1095 1132 conscripsi
1119 1097 1222 1132 prout
1244 1091 1288 1123 ab
1313 1091 1380 1123 illis
1404 1091 1531 1130 audivi,
1555 1090 1614 1133 qui
1646 1090 1750 1123 rebus
1780 1091 1885 1135 gestis
1915 1098 1949 1124 et
1978 1092 2127 1135 negotiis

296 1141 527 1173 interfuerunt
539 1141 562 1173 ⁷.
608 1142 853 1174 Verumtamen
879 1143 1021 1185 dignum
1045 1144 1128 1176 duxi
1152 1144 1266 1186 aliqua
1289 1144 1472 1185 predicere
1496 1145 1539 1175 de
1564 1144 1628 1175 situ
1654 1150 1687 1175 et
1703 1144 1969 1177 circumstantiis
1985 1144 2124 1177 Ancho-

298 1195 414 1225 nitane
439 1195 597 1233 civitatis,
623 1201 655 1226 et
680 1206 698 1226 a
721 1195 843 1238 quibus
867 1196 972 1227 fuerit
995 1196 1189 1228 hedificata.

383 1246 493 1279 ⁸Cum
527 1258 591 1290 ego
615 1247 928 1291 Boncompagnus⁹
954 1249 1133 1280 transirem
1164 1260 1228 1291 per
1250 1249 1457 1287 Marchiam,
1483 1250 1654 1282 civitatem
1686 1250 1812 1282 intravi
1842 1249 2059 1290 Anchonam,
2092 1259 2126 1285 et

386 1366 408 1383 1.
428 1362 578 1390 perpetuae
598 1360 749 1383 memoriae
768 1361 805 1383 ill
820 1373 827 1377 -
848 1360 1018 1384 mirabiliter
1038 1369 1087 1385 om.
1108 1362 1131 1386 C
1149 1362 1182 1385 ed
1194 1362 1228 1385 M
1239 1374 1247 1378 -
1261 1361 1413 1394 Trojanam
1428 1362 1578 1386 historiam
1592 1363 1649 1386 Ji!-
1662 1362 1815 1395 columpna
1831 1364 1865 1391 C}
1880 1363 2011 1387 columna
2028 1365 2084 1387 Me
2103 1365 2127 1389 G

298 1415 328 1418 —
353 1407 402 1425 1—2.
421 1402 512 1425 adhuc
533 1403 562 1426 in
583 1402 649 1426 urbe
669 1403 803 1426 consistit
823 1403 847 1427 C
864 1404 898 1426 ed
916 1404 952 1426 M
967 1415 999 1420 —
1020 1409 1042 1427 2.
1063 1404 1196 1427 constitit
1217 1403 1241 1427 G
1259 1416 1270 1422 -
1289 1406 1383 1435 erepta
1408 1403 1432 1426 V
1445 1417 1454 1422 -
1473 1405 1628 1437 scripturas
1653 1405 1683 1431 V;
1705 1405 1845 1429 sculturas
1867 1406 1888 1429 C
1913 1418 1921 1423 ·
1935 1405 2043 1430 *Graeci
2065 1407 2101 1430 M
2115 1419 2124 1423 -

294 1444 440 1475 ymagines
462 1445 484 1467 C
502 1457 533 1461 -
554 1451 577 1475 3.
598 1451 735 1468 memores
756 1446 884 1475 posteros
904 1452 962 1468 esse
982 1445 1005 1469 C
1022 1446 1056 1469 ed
1074 1446 1109 1468 M
1125 1458 1133 1462 -
1154 1446 1304 1469 voluerant
1324 1447 1347 1470 C
1360 1459 1367 1463 -
1382 1447 1427 1470 sed
1442 1447 1477 1470 Ji!
1491 1455 1504 1470 e
1527 1447 1551 1471 G
1570 1459 1580 1464 -
1601 1447 1735 1470 sculturis
1750 1448 1817 1472 (ζ’-
1831 1455 1854 1479 4.
1874 1448 2056 1479 ymaginibus
2078 1449 2102 1473 C
2116 1461 2124 1466 -

296 1486 447 1517 praeterita
469 1487 504 1509 ill
521 1499 528 1503 -
549 1487 662 1517 quidem
688 1487 712 1509 G*
728 1499 737 1504 -
756 1488 850 1518 gestae
871 1488 907 1510 Ji!
924 1501 952 1504 —
973 1492 1028 1518 4-5.
1047 1495 1062 1511 a
1082 1486 1208 1518 pluribus
1227 1496 1275 1511 om.
1300 1488 1325 1511 V
1340 1501 1371 1505 —
1393 1494 1415 1519 5.
1436 1488 1565 1512 redactae
1584 1490 1638 1512 M-
1654 1489 1822 1521 interpetres
1848 1489 1913 1512 V—
1933 1489 1957 1513 6.
1972 1490 2075 1522 Joseph
2095 1492 2123 1514 et

295 1528 482 1560 llieronymus
502 1529 538 1551 M
555 1542 585 1546 —-
606 1528 659 1558 6-7.
679 1529 807 1552 Altisimi
829 1529 1033 1553 translatarant
1055 1531 1078 1553 C
1095 1542 1126 1546 —
1148 1535 1171 1560 7.
1192 1530 1346 1554 israelatici
1371 1530 1404 1559 νς
1418 1531 1588 1555 Israhelitici
1610 1532 1645 1555 Α]
1661 1544 1669 1549 ·
1690 1531 1801 1564 populli
1825 1533 1848 1556 C
1863 1545 1895 1549 —
1915 1532 1939 1556 S.
1959 1534 2030 1556 esset
2044 1534 2123 1556 extra

297 1571 393 1593 omnia
415 1571 437 1594 C
454 1571 488 1593 cd
506 1572 542 1594 M
557 1583 566 1588 ·
585 1572 736 1594 memoriae
756 1572 793 1595 M
807 1584 816 1588 -
836 1573 986 1596 occurrant
1007 1572 1030 1596 C
1048 1573 1081 1595 ed
1099 1573 1133 1595 111
1149 1584 1159 1589 -
1179 1574 1219 1595 est
1239 1573 1313 1603 quod
1334 1573 1453 1604 quilibet
1478 1573 1502 1595 G
1522 1586 1553 1590 —-
1573 1580 1598 1604 9.
1617 1574 1784 1605 prosexione
1806 1575 1829 1598 C
1846 1587 1878 1591 —
1901 1581 1940 1598 10.
1956 1574 2079 1599 imittari
2103 1575 2129 1598 V

297 1625 307 1629 -
328 1612 437 1635 imitari
457 1613 553 1636 omnia
574 1613 686 1643 penitus
706 1614 743 1636 fl!
759 1626 767 1630 -
785 1614 965 1645 praeambula
985 1615 1022 1637 M
1037 1627 1069 1631 —
1092 1621 1130 1638 11.
1151 1614 1196 1638 vel
1215 1622 1229 1638 a
1250 1615 1428 1647 principibus
1451 1616 1478 1643 C,
1501 1616 1534 1639 M
1549 1624 1562 1638 ε
1587 1616 1611 1639 G
1629 1629 1660 1633 -—
1683 1622 1771 1639 1142.
1791 1616 1969 1640 Anconitani
1994 1616 2020 1646 V,
2041 1625 2055 1639 ε
2074 1617 2126 1640 cosi

296 1658 398 1684 sempre
418 1656 497 1678 anche
518 1656 553 1678 M
569 1668 600 1671 —
624 1662 663 1679 12.
677 1656 799 1679 breviter
817 1665 866 1679 om.
886 1657 922 1679 M
938 1669 970 1673 .„
994 1663 1032 1687 13.
1054 1656 1161 1680 fuerint
1189 1657 1238 1680 I'e
1259 1657 1282 1681 C
1299 1669 1308 1674 -
1330 1657 1436 1681 tuerint
1455 1664 1470 1681 a
1491 1657 1670 1681 Cancellario
1690 1658 1805 1689 Imperii
1824 1657 1946 1682 Romani
1967 1660 1994 1682 et
2008 1658 2125 1683 Venetis

297 1696 413 1726 obsessi,
432 1698 459 1720 et
478 1704 525 1727 per
551 1697 759 1721 Emmanuelem
779 1698 978 1729 Imperatorem
998 1697 1178 1727 Graecorum,
1198 1705 1301 1730 suaque
1320 1700 1356 1722 M
1371 1711 1381 1717 —
1401 1699 1561 1723 cancelario
1582 1700 1693 1732 imperii
1719 1701 1829 1724 romani
1856 1702 1883 1724 et
1905 1701 2014 1724 venetis
2033 1701 2125 1725 obsesi

298 1746 349 1769 pro
368 1738 519 1762 Emanuele
539 1740 709 1769 imperatore
728 1747 874 1771 grecorum
896 1747 998 1771 suaque
1021 1742 1044 1765 C
1060 1753 1069 1758 -
1090 1741 1234 1771 probitate
1253 1743 1280 1764 ct
1306 1741 1331 1764 V
1345 1753 1352 1758 ·
1373 1741 1552 1772 postmodum
1573 1750 1621 1765 om.
1646 1741 1672 1764 V
1686 1755 1716 1759 —
1740 1748 1778 1773 14.
1798 1742 1984 1775 apocriphum
2009 1741 2034 1764 V
2049 1751 2062 1766 e
2088 1743 2123 1770 C;

297 1781 486 1812 apocryphum
507 1782 543 1804 ill
559 1793 567 1798 -
588 1789 636 1804 nec
658 1781 835 1805 intermiscui
856 1783 901 1810 Δίς
923 1783 1078 1806 intermisci
1100 1783 1127 1806 P
1146 1795 1175 1799 --
1197 1788 1238 1812 15.
1259 1782 1335 1806 velut
1360 1782 1385 1805 V
1399 1784 1432 1806 ed
1449 1784 1485 1806 M
1501 1796 1532 1800 —
1556 1783 1640 1815 15-16.
1659 1785 1891 1807 commoveantur
1918 1784 1941 1807 G
1958 1796 1989 1801 —
2013 1783 2052 1808 16.
2071 1784 2124 1808 Sed

296 1821 335 1851 M,
356 1831 368 1845 ε
388 1823 438 1846 cos)
459 1827 562 1852 sempre
581 1836 590 1840 -
611 1824 781 1855 conscripsci
806 1824 829 1847 C
845 1836 877 1841 --
900 1829 938 1853 17,
957 1825 1169 1848 intervenerunt
1189 1825 1212 1850 C
1230 1825 1264 1848 ed
1282 1825 1317 1848 Μ
1332 1838 1339 1842 -
1361 1825 1519 1856 praedicere
1539 1825 1573 1848 Μ
1588 1838 1597 1842 -
1616 1825 1649 1848 de
1670 1825 1741 1849 scitu
1763 1827 1798 1853 θ’,
1819 1825 1851 1849 de
1871 1827 1947 1850 statu
1966 1825 2044 1849 urbis
2064 1827 2100 1849 M
2116 1839 2124 1843 -

298 1865 513 1888 circunstantiis
538 1865 562 1887 V
577 1879 608 1881 —
632 1865 670 1888 18.
690 1867 717 1888 et
742 1866 843 1896 quibus
864 1867 887 1890 C
905 1867 939 1889 ed
956 1867 989 1889 ill
1007 1879 1014 1883 -
1035 1866 1163 1890 edificata
1186 1867 1220 1890 C:
1241 1866 1384 1890 aedificata
1406 1868 1440 1890 M
1456 1880 1463 1884 -
1486 1868 1561 1897 Depo
1580 1866 1708 1890 edificata
1727 1875 1809 1898 segue
1828 1867 1854 1890 in
1876 1868 1910 1892 C:
1937 1866 2068 1894 Qualiter
2087 1869 2124 1891 sit

298 1907 399 1930 civitas
420 1907 553 1930 ordinata
572 1909 598 1930 et
619 1907 651 1930 de
677 1907 925 1931 commendatione
943 1908 1066 1931 eiusdem
1084 1907 1109 1940 [e
1128 1908 1179 1932 cosi
1199 1909 1226 1931 in
1247 1909 1286 1936 M,
1306 1909 1365 1932 ov'?
1379 1913 1514 1939 premesso
1534 1908 1602 1940 Cap.
1623 1909 1660 1939 111
1689 1922 1719 1925 -
1749 1916 1787 1940 19.
1812 1916 1864 1941 ego
1890 1910 2125 1941 Boncornpagnus

297 1957 345 1972 om.
365 1950 401 1972 ill
418 1962 424 1965 -
446 1948 516 1973 Cum
536 1950 685 1973 transirem
706 1957 753 1982 per
773 1950 818 1980 M,
840 1951 985 1974 civitatem
1005 1950 1236 1974 Anchonitanam
1258 1952 1365 1974 intravi
1390 1950 1415 1973 V

384 2049 391 2064 ¹
413 2050 497 2073 Altro
517 2057 610 2073 errore
631 2051 744 2073 curioso
769 2050 799 2073 di
826 2051 911 2074 Bone.
939 2049 953 2073 ὲ
974 2051 1187 2075 Γειῒῐτὶὴυῑὶοηε

297 2091 370 2114 della
392 2092 522 2115 Colonna
543 2092 667 2115 Traiana
688 2092 722 2115 ad
743 2092 883 2119 Adriano,
904 2096 1017 2120 mentre,
1033 2101 1112 2117 come
1125 2095 1186 2118 dice

297 2133 470 2156 l’iscrizionc
490 2134 563 2157 sulla
591 2135 733 2165 pon-ticina
765 2134 933 2165 d’ingress0‚
962 2142 1021 2158 essa
1049 2135 1077 2158 fu
1096 2138 1186 2160 eretta

298 2175 442 2199 nell'anno
469 2176 656 2200 decimosesto
686 2176 864 2208 dell'impero
885 2177 913 2200 di
939 2177 1072 2205 Traiano,
1092 2185 1105 2201 e
1125 2177 1187 2202 cio'e

298 2216 342 2239 nel
366 2223 413 2247 113
435 2217 460 2241 (1.
480 2218 510 2241 C.
550 2216 612 2240 Uno
627 2217 671 2240 dei
688 2218 869 2241 bassorilievi
886 2219 1026 2249 superiori
1041 2219 1116 2243 della
1131 2220 1185 2250 spi-

298 2259 354 2281 rale
377 2265 455 2282 verso
477 2260 497 2282 il
518 2259 653 2290 capitello
681 2262 864 2291 rappresenta
886 2260 905 2282 il
928 2263 1010 2291 porto
1035 2261 1187 2285 d'Ancona

297 2308 349 2324 con
371 2301 456 2324 l'arco
478 2300 505 2324 di
526 2301 653 2325 Traiano
674 2309 687 2324 e
702 2302 727 2325 la
742 2304 835 2325 statua
850 2304 976 2333 equestre
996 2306 1185 2336 sovrapposta

296 2342 533 2373 (Gmrwmcmm,
558 2347 599 2373 op.
618 2344 671 2369 cit..
692 2351 719 2374 p.
739 2344 807 2374 211).
844 2343 924 2367 Tutti
948 2346 955 2368 i
977 2345 1067 2373 codd„
1093 2352 1107 2368 e
1126 2352 1184 2378 per-

297 2385 361 2408 sino
382 2385 405 2407 le
424 2385 550 2408 edizioni
572 2386 608 2408 M
623 2393 636 2408 e
658 2386 688 2415 G,
704 2386 800 2409 hanno
814 2388 860 2417 poi
884 2387 896 2398 “
910 2388 1072 2419 troianarn„
1095 2387 1140 2419 (ne
1155 2389 1184 2412 io

296 2427 334 2450 ho
354 2427 469 2450 creduto
490 2427 520 2450 di
540 2427 722 2459 correggere)‚
747 2431 930 2459 quantunque
950 2429 974 2452 si
994 2430 1076 2453 tratti
1098 2430 1126 2453 di
1146 2437 1183 2454 un

297 2476 390 2492 errore
418 2469 549 2492 evidente
570 2477 617 2500 per
646 2469 845 2500 “traianan1„.
884 2471 905 2494 11
932 2470 1027 2495 Sutter
1052 2473 1104 2502 (op.
1129 2472 1184 2500 cil.‚

298 2517 322 2540 p.
338 2510 363 2541 7)
383 2509 462 2533 crede
483 2511 506 2533 si
521 2512 601 2534 tratti
615 2511 690 2534 forse
705 2512 731 2534 di
747 2519 783 2534 un
797 2519 891 2535 errore
905 2512 980 2536 dello
995 2515 1083 2536 stesso
1098 2514 1184 2539 Bone.

296 2552 321 2581 (e
342 2558 398 2574 non
424 2548 471 2582 gia
497 2552 573 2583 degli
599 2554 771 2580 amanuensi.
799 2553 866 2577 data
891 2553 1085 2578 l’unisormita
1109 2555 1182 2578 della

297 2593 427 2622 lezione),
449 2601 462 2615 e
482 2594 509 2615 lo
536 2595 620 2617 mette
647 2595 675 2617 in
702 2594 843 2618 relazione
869 2595 914 2618 col
945 2596 956 2607 ‘⁴
971 2597 1182 2627 cartaginensis.

299 2634 437 2665 “prelia„
465 2634 602 2658 aiiibbiati
628 2635 750 2658 ali‘arco
776 2636 803 2658 di
832 2636 1005 2660 Costantino
1031 2637 1079 2669 (cf.
1105 2645 1131 2670 p.
1160 2644 1182 2667 7,

298 2684 344 2699 nn.
365 2675 431 2707 8-9).

383 2718 393 2733 ²
414 2719 475 2743 Con
491 2721 502 2731 ⁴¹
514 2720 694 2751 sculpturas„
708 2722 794 2745 Bone.
811 2723 926 2746 intende
943 2723 1146 2747 “bassorilievi
1159 2743 1180 2754 ‚„

296 2767 348 2784 con
371 2762 382 2773 ¹¹
395 2761 557 2793 imagines„
583 2762 700 2787 intende
729 2764 887 2794 “statue„:
913 2764 1038 2794 SL‘TTER,
1062 2769 1102 2795 op.
1128 2766 1181 2794 cia,

296 2810 323 2834 P·
344 2809 366 2834 72
390 2811 458 2844 ¹²34·

386 2844 396 2859 ³
416 2846 436 2869 E
456 2846 482 2869 la
504 2847 669 2871 traduzione
694 2854 775 2879 greca
795 2848 870 2872 della
898 2849 1008 2877 Bibbia,
1035 2850 1112 2874 detta
1137 2851 1179 2874 dei

295 2888 423 2911 Settanta
444 2887 499 2920 (dai
522 2891 644 2913 settanta
659 2897 675 2913 o
690 2892 868 2915 settantadue
888 2892 1043 2916 traduttori
1060 2893 1181 2916 secondo

295 2929 321 2953 la
341 2930 520 2959 tradizione),
545 2933 700 2963 intrapresa
727 2933 755 2956 in
782 2933 967 2957 Alessandria
991 2936 1066 2959 sotto
1092 2934 1180 2960 Tolo-

1242 2059 1302 2075 meo
1321 2052 1349 2075 ΙΙ·
1367 2052 1509 2076 Filadelfo
1528 2052 1593 2083 (sec.
1611 2052 1651 2076 111
1670 2060 1695 2076 a.
1714 2052 1766 2083 C.).

1328 2093 1337 2109 ⁴
1357 2093 1500 2126 Giuseppe
1531 2094 1645 2121 Flavio,
1671 2095 1720 2118 che
1741 2095 1769 2118 su
1791 2094 1816 2117 al
1842 2093 1951 2126 seguito
1972 2095 2002 2119 di
2022 2094 2125 2127 Vespa-

1242 2138 1322 2159 siano
1342 2143 1356 2159 e
1381 2135 1449 2160 Tito
1475 2137 1503 2159 in
1531 2136 1684 2165 Palestina,
1714 2138 1814 2160 scrisse
1844 2137 1870 2160 la
1900 2134 2043 2168 Ἰουδαικὴ
2063 2134 2128 2168 Ἀρ-

1239 2177 1386 2210 χαιολογία
1405 2178 1480 2202 dalle
1500 2179 1607 2210 origini
1629 2179 1672 2202 del
1694 2179 1798 2202 mondo
1819 2187 1833 2202 a
1847 2179 1967 2208 Nerone,
1981 2186 2003 2206 e,
2019 2180 2047 2202 in
2063 2186 2127 2202 con-

1239 2222 1403 2245 tinuazione
1423 2222 1449 2244 di
1470 2227 1540 2250 essa,
1561 2222 1587 2244 la
1613 2222 1703 2245 storia
1723 2221 1798 2245 della
1817 2229 1916 2252 guerra
1936 2221 1982 2245 dei
2002 2221 2127 2245 Romani

1238 2264 1340 2286 contro
1359 2263 1399 2294 gli
1420 2263 1501 2286 Ebrei
1524 2264 1587 2287 sino
1607 2263 1664 2287 alla
1679 2271 1759 2295 presa
1773 2264 1801 2287 di
1817 2262 2028 2287 Gerusalemme
2042 2261 2128 2295 (Περὶ

1238 2302 1397 2329 Ἰουδαικοῦ
1416 2303 1571 2336 Πολέμου),
1592 2305 1665 2329 oltre
1684 2305 1741 2329 alla
1762 2305 1878 2337 propria
1898 2304 2043 2336 biografia.

1325 2345 1335 2361 ⁵
1356 2346 1410 2370 San
1432 2346 1585 2371 Gerolamo
1606 2347 1734 2371 tradusse
1759 2354 1773 2371 e
1798 2347 1937 2371 continuo
1963 2346 2092 2374 Eusebio,
2112 2354 2126 2370 e

1237 2390 1392 2413 ritradusse
1411 2391 1488 2420 quasi
1510 2397 1558 2422 per
1580 2391 1672 2413 intero
1694 2390 1822 2413 l’Antico
1842 2388 2024 2413 Testamento
2045 2389 2075 2412 di
2094 2396 2125 2413 su

1236 2431 1276 2462 gli
1297 2432 1434 2462 originali
1455 2432 1600 2461 aramaici,
1620 2431 1724 2455 ebraici
1744 2438 1759 2455 e
1777 2431 1855 2463 greci
1869 2430 1896 2462 (†
1915 2437 1968 2462 420
1987 2430 2015 2455 d.
2037 2430 2089 2462 C.).

1324 2470 1335 2487 ⁶
1354 2472 1440 2496 Bone.
1461 2473 1552 2497 scrive
1571 2481 1619 2504 per
1637 2473 1677 2505 gli
1694 2473 1881 2501 Anconitani,
1901 2480 1915 2496 e
1934 2473 1967 2496 ad
1988 2473 2041 2496 essi
2057 2479 2125 2504 pure

1236 2514 1336 2538 insattl
1357 2515 1455 2538 dedica
1476 2515 1502 2539 la
1523 2522 1571 2538 sua
1591 2517 1720 2548 operetta
1740 2514 1789 2543 (cf.
1808 2522 1835 2546 p.
1855 2522 1896 2546 54,
1918 2515 1936 2538 1.
1956 2513 2008 2545 25).

1323 2555 1333 2571 7
1352 2557 1450 2580 Anche
1471 2555 1520 2589 pii:
1542 2558 1660 2581 innanzi
1681 2557 1719 2588 (p.
1747 2564 1788 2589 34,
1816 2557 1848 2580 11.
1872 2557 1940 2588 4-5),
1966 2557 2124 2580 insistendo

1235 2599 1308 2622 sulla
1342 2599 1475 2624 sincerita
1508 2599 1582 2623 della
1615 2607 1664 2623 sua
1695 2600 1869 2626 narrazione.
1903 2599 1988 2622 Bone.
2018 2599 2122 2622 scrive:

1235 2641 1247 2652 ²
1262 2660 1266 2665 .
1280 2658 1285 2664 .
1298 2660 1302 2664 .
1315 2660 1320 2664 .
1340 2641 1468 2673 profecto
1490 2649 1504 2665 a
1524 2642 1660 2665 veridicis
1678 2641 1809 2665 intellexi
1830 2640 2001 2664 relatoribus
2012 2658 2035 2670 ,‚.

1322 2681 1333 2698 ⁸
1353 2683 1383 2707 P.
1403 2682 1426 2711 8,
1446 2683 1464 2706 l.
1491 2691 1561 2715 19-p.
1585 2690 1622 2711 ιο,
1647 2683 1665 2706 1.
1690 2682 1718 2706 8:
1746 2684 1832 2706 Breve
1858 2682 2034 2707 descrizione
2059 2690 2122 2713 geo-

1235 2725 1335 2756 grafica
1355 2726 1385 2749 di
1406 2726 1526 2749 Ancona
1546 2733 1560 2749 e
1580 2733 1668 2749 cenno
1694 2724 1768 2749 delle
1793 2732 1841 2748 sue
1867 2725 1986 2755 origini.
2024 2724 2123 2748 Anche

1234 2768 1332 2795 Bone,
1353 2774 1431 2790 come
1451 2774 1537 2791 ancor
1555 2767 1621 2798 oggi
1642 2767 1685 2790 chi
1701 2766 1786 2790 vuole
1805 2766 1909 2798 godere
1931 2766 1950 2789 il
1970 2773 2123 2797 panor-ama

1234 2810 1376 2840 completo
1397 2809 1471 2833 della
1492 2808 1569 2837 cittii,
1590 2807 1644 2832 sali
1665 2809 1706 2832 sul
1727 2808 1802 2832 colle
1821 2809 1865 2832 del
1885 2807 2006 2838 Guasco,
2026 2815 2123 2840 presso

1234 2851 1260 2875 la
1281 2852 1425 2876 residenza
1445 2852 1616 2884 episcopale,
1630 2859 1643 2875 e
1657 2851 1684 2875 di
1700 2849 1727 2875 ia
1742 2849 1808 2882 pote
1822 2852 1969 2874 ammirare
1982 2851 2122 2874 l’insieme

1235 2893 1384 2925 magnifico
1404 2893 1479 2917 della
1499 2891 1578 2921 cittzi.
1599 2894 1764 2917 cirrondata
1784 2900 1832 2924 per
1846 2892 1897 2916 due
1911 2893 1962 2916 lati
1978 2892 2024 2916 dal
2038 2899 2121 2922 mare,

1233 2942 1247 2958 e
1267 2936 1310 2959 del
1332 2943 1381 2959 suo
1403 2938 1485 2967 porto
1506 2936 1610 2965 sicuro,
1631 2943 1682 2959 ove
1702 2936 1776 2968 dopo
1797 2935 1823 2959 la
1847 2934 2021 2959 distruzione
2047 2934 2122 2958 delle

2150 774 2188 807 lo

2152 1040 2189 1071 15

2155 2145 2188 2169 40

2153 2351 2185 2377 45

2152 2562 2185 2589 50

2151 2772 2182 2798 55
