2287 3466
283 2175 313 2191 10

285 2381 312 2406 ¹5

282 2594 314 2610 20

1051 153 1444 189 BONCOMPAGNI

340 288 476 330 “spatio
491 287 511 327 ¹,
535 287 707 329 promerui
732 287 775 318 de
799 287 950 328 ipsorum
975 286 1195 327 beneplacito
1220 291 1254 318 et
1278 296 1417 318 assensu
1440 287 1475 317 in
1500 286 1667 318 cathedra
1689 287 1855 325 residere,
1871 298 1909 320 ac
1925 287 2060 319 illorum
2077 297 2159 319 con-

337 342 350 357 “
365 342 469 374 sortio
494 341 686 382 aggregari,
710 340 767 381 qui
791 344 868 371 sunt
892 339 1101 371 candelabra
1127 339 1289 376 lucentia,
1314 344 1348 370 et
1372 349 1513 382 quorum
1538 339 1682 371 scientia
1705 340 1852 371 mundus
1874 341 2006 382 regitur
2028 346 2062 371 et
2083 340 2161 371 illu-

340 397 504 427 “straturz
529 393 621 424 unde
645 403 713 424 non
738 393 840 425 decet
863 403 917 423 me
941 393 1091 423 studium
1115 392 1311 434 relinquere
1335 392 1550 429 inchoatum3
1575 392 1712 424 videtur
1738 393 1827 423 enim
1858 393 2037 435 quodlibet
2068 393 2161 434 prin-

340 450 354 464 “
368 447 495 488 cipium
518 456 590 477 esse
614 446 776 478 frivolum
800 452 833 477 et
857 446 1022 486 ineptum,
1045 446 1112 476 nisi
1134 456 1195 487 per
1210 445 1406 487 incipientis
1423 445 1646 477 ministerium
1662 446 1763 477 finem
1781 456 1972 488 congruum
1988 446 2159 478 sortiatur.

339 500 527 531 “Ceterum
553 499 693 530 firmiter
715 499 786 530 scio
810 505 844 530 et
866 499 929 530 toti
953 505 1004 530 est
1036 498 1134 530 Italie
1165 499 1384 530 manifestum
1417 499 1510 540 quod
1541 498 1773 530 anchonitana
1804 499 1925 530 civitas
1955 505 2079 540 potens
2109 505 2160 530 est

339 554 352 568 ‘⁴
367 552 550 594 plurimum
575 559 610 584 et
632 553 774 589 famosa,
798 558 832 584 et
855 552 960 593 ipsius
983 552 1074 583 vires
1096 557 1164 584 tam
1190 552 1225 584 in
1248 553 1332 583 mari
1357 562 1456 593 quam
1480 557 1573 583 terra
1597 551 1698 582 latius
1729 553 1991 592 protenduntur.
2037 551 2108 584 Sed
2131 553 2160 583 si

338 606 457 637 “urbis
481 606 669 637 dominium
692 606 758 637 hoc
784 612 936 647 tempore
961 605 1067 637 michi
1092 606 1240 643 daretur,
1272 604 1400 647 absque
1432 605 1604 636 sociorum
1636 604 1788 643 licentia,
1819 615 1904 648 quos
1934 605 2008 637 iura
2038 605 2163 643 doceo,

341 662 354 675 ⁴⁴
369 658 490 701 quibus
514 659 585 690 iure
610 665 740 697 teneor,
762 668 898 700 presum
916 664 950 690 et
965 659 1101 690 subsum
1116 658 1138 695 ²,
1161 658 1319 699 recipere
1336 668 1406 689 non
1423 658 1596 689 auderem.
1635 656 1826 689 Bononiam
1843 658 1956 700 igitur,
1974 659 2163 690 auxiliante

339 715 353 729 “
368 712 525 749 Domino,
549 718 712 749 revertar,
737 712 957 754 ipsorumque
980 712 1146 744 voluntati
1178 711 1407 743 amicabiliter
1431 711 1573 752 parebo,
1596 716 1630 742 et
1661 711 1848 752 procedam
1873 711 1907 742 in
1931 712 1997 743 hiis
2020 718 2054 743 et
2076 712 2164 749 aliis,

341 768 468 806 “prout
492 765 599 796 michi
623 765 804 796 consulere
830 765 1108 807 dignabuntur„.

425 818 435 835 ³
449 818 560 849 Finita
584 818 754 859 siquidem
777 819 944 854 oratione,
967 818 1089 859 vulgus
1113 818 1275 850 clamavit
1299 818 1414 850 altius:
1440 819 1507 855 fiat,
1525 818 1583 849 fiat
1594 817 1617 856 ⁴,
1634 823 1668 849 et
1685 817 1779 859 quod
1796 817 1924 849 dictum
1941 818 2054 850 fuerat
2070 828 2165 850 com-

334 871 527 903 mendabat.
573 871 636 902 Ille
661 881 742 902 vero
766 871 983 913 postmodum
1007 871 1198 902 Bononiam
1223 871 1345 902 rediit:
1371 871 1489 913 sicque
1514 871 1698 912 impetrata
1722 870 1862 902 licentia
1885 870 2046 903 sotiorum
2070 871 2165 903 venit

337 924 552 962 Anchonam‚
574 924 631 956 ubi
655 924 744 955 vires
767 924 870 955 animi
895 930 997 966 atque
1022 924 1178 965 corporis
1201 925 1365 961 exercuit,
1389 924 1479 955 sicut
1502 933 1556 955 res
1579 934 1619 955 eo
1643 930 1799 964 tempore
1824 923 2028 965 postulabat.
2074 924 2163 956 Nam

336 978 369 1008 in
393 977 563 1019 principio
588 977 638 1009 sui
662 977 829 1009 adventus
853 977 1034 1009 Firmanos
1058 987 1077 1007 a
1094 977 1222 1009 Sancto
1239 977 1379 1018 Elpidio
1393 977 1404 995 ⁵
1422 987 1497 1008 cum
1516 977 1635 1018 paucis
1651 976 1817 1008 militibus
1832 977 1989 1014 removit,
2006 983 2041 1009 et
2057 977 2165 1009 Auxi-

336 1031 425 1061 mani
450 1031 551 1062 emuli
577 1030 902 1062 Anchonitanornm
927 1041 989 1071 per
1012 1030 1118 1071 ipsius
1141 1030 1343 1062 industriam
1360 1030 1505 1072 plurima
1528 1030 1751 1061 incommoda
1775 1029 1978 1067 sustinuere,
2002 1031 2164 1073 quoniam

335 1090 484 1116 castrum
509 1083 601 1126 quod
625 1083 804 1115 dicebatur
828 1083 972 1114 Podium
987 1083 998 1099 ⁶
1021 1083 1254 1120 ammiserunt‚
1278 1084 1313 1114 in
1330 1094 1398 1125 quo
1416 1089 1537 1125 captus
1553 1088 1604 1114 est
1622 1083 1748 1115 nobilis
1764 1082 1890 1114 Paulus
1907 1083 1950 1114 de
1968 1083 2164 1122 Lamarina,

336 1137 489 1169 eiusdem
514 1137 614 1168 castri
639 1135 797 1168 dominus
820 1142 854 1168 et
878 1147 1065 1178 possessor.
1112 1136 1155 1167 Et
1180 1147 1254 1168 cum
1281 1142 1401 1178 postea
1433 1142 1703 1178 congregassent
1733 1136 1933 1173 exercitum,
1965 1136 2009 1168 de
2041 1147 2165 1179 campo

336 1192 468 1233 fugere,
492 1191 610 1231 sicque
635 1189 807 1231 dupplicis
830 1191 972 1231 pudoris
995 1190 1140 1222 infamia
1162 1195 1239 1222 sunt
1261 1190 1420 1231 respersi.
1469 1189 1573 1226 Quod
1599 1189 1749 1220 Firmani
1773 1189 1912 1221 firmiter
1934 1190 2061 1229 sciunt,
2084 1191 2166 1233 quia

338 1255 415 1276 cum
439 1254 498 1274 eos
520 1243 676 1284 prefatus
700 1243 870 1285 Ugolinus
895 1243 998 1275 Gosie
1023 1243 1146 1275 iterum
1171 1254 1189 1274 a
1215 1243 1342 1275 Sancto
1367 1243 1507 1284 Elpidio
1532 1253 1718 1284 paucorum
1750 1243 1895 1274 militum
1921 1243 2087 1286 suffragio
2111 1244 2166 1275 fu-

337 1297 441 1339 gavit,
466 1296 559 1327 iuxta
582 1296 733 1337 ipsorum
758 1296 930 1328 civitatem
956 1297 1037 1337 poni
1062 1296 1147 1328 fecit
1171 1297 1440 1328 anchonitanum
1458 1296 1632 1331 vexillum3
1651 1295 1709 1326 ubi
1726 1295 1829 1336 paulo
1846 1302 1923 1337 post
1939 1296 2084 1338 prelium
2101 1297 2166 1328 fuit

336 1350 528 1391 inceptum3
553 1350 587 1380 in
618 1359 685 1391 quo
715 1350 762 1381 ita
794 1349 937 1380 viriliter
968 1350 1144 1392 pugnavit,
1169 1350 1262 1391 quod
1294 1359 1410 1380 omnes
1442 1355 1475 1380 et
1507 1349 1630 1391 singuli
1662 1349 1884 1380 mirabantur.
1932 1349 2045 1381 Gessit
2077 1350 2167 1381 enim

335 1404 450 1435 taliter
474 1402 629 1434 ductoris
653 1407 687 1433 et
710 1402 870 1434 bellantis
893 1402 1051 1438 officium,
1069 1403 1161 1444 quod
1178 1402 1334 1444 paucitas
1357 1402 1608 1433 multitudinem
1625 1402 1811 1444 superavit,
1828 1402 1946 1444 sicque
1963 1401 2167 1434 Anchonam

338 1456 450 1493 rediit,
475 1456 585 1498 gloria
604 1455 803 1496 triumphali
827 1456 1015 1497 refulgens.

424 1509 506 1540 Eius
530 1510 680 1550 denique
705 1509 865 1540 laudibus
881 1508 1032 1540 valerem
1057 1509 1184 1540 diutius
1200 1509 1379 1545 remorari3
1397 1515 1448 1540 set
1465 1509 1601 1550 placeat
1616 1509 1785 1540 universis
1802 1515 2002 1550 competens
2020 1509 2168 1542 brevitas

338 1573 403 1605 que
428 1562 577 1593 dulciter
608 1561 744 1593 auribus
776 1568 954 1599 consonat,
978 1568 1011 1593 et
1043 1562 1209 1603 suscipiat
1242 1562 1412 1594 Anchona
1444 1561 1633 1594 favorabile
1663 1572 1794 1602 munus,
1819 1562 1911 1604 quod
1943 1562 2008 1594 sibi
2033 1573 2052 1593 a
2075 1562 2168 1594 Bon-

430 1719 450 1735 1.
470 1711 581 1734 catedra
606 1711 676 1733 V—
698 1717 719 1733 2.
740 1711 905 1734 candelebra
932 1710 956 1732 V
971 1724 1001 1727 —
1021 1718 1046 1741 3.
1067 1711 1230 1734 incohatum
1257 1710 1282 1733 V
1296 1723 1326 1727 —
1347 1710 1372 1734 6.
1392 1711 1567 1742 protendunt
1592 1710 1654 1733 V—
1671 1717 1694 1742 7.
1709 1711 1777 1734 mihi
1793 1710 1971 1734 darcturhoc
1987 1713 2113 1742 tempore
2135 1712 2165 1739 V;

339 1752 475 1785 ternpore!
497 1754 556 1776 iure
576 1754 637 1776 add.
664 1754 688 1775 (ἶ
709 1766 736 1769 ἡ
757 1753 779 1776 S.
800 1753 860 1776 iure
880 1762 926 1776 om.
952 1753 975 1776 G
996 1766 1025 1769 fi
1046 1761 1070 1781 ι).
1091 1753 1280 1776 ειηιὶντὼίΙίῒετ
1300 1761 1348 1776 om.
1377 1753 1418 1776 Γ·
1439 1753 1482 1776 his
1509 1751 1579 1774 V—
1609 1759 1647 1776 72.
1667 1753 1751 1784 redljt
1784 1752 1809 1774 V
1831 1766 1860 1769 —
1890 1760 1929 1783 14.
1956 1754 1983 1776 et
2009 1761 2057 1777 om.
2088 1753 2114 1776 V
2134 1767 2166 1769 —

1584 1796 1649 1818 sunt
1670 1796 1735 1818 sunt
1755 1795 1780 1818 Ρ
1805 1808 1836 1811 —
1865 1801 1906 1819 22.
1926 1795 2070 1819 ductionis
2095 1795 2120 1818 V
2135 1808 2165 1812 —

340 1845 381 1868 ²3·
402 1838 485 1870 rchJt
514 1838 556 1861 V-
576 1837 735 1868 triumphali
760 1837 784 1859 V
800 1851 829 1854 —
851 1843 891 1868 24.
916 1839 989 1867 Hosto
1009 1838 1145 1861 remorari
1166 1838 1292 1867 riprende
1315 1838 1359 1861 M:
1381 1838 1421 1861 set
1441 1837 1551 1869 placeat
1571 1850 1602 1854 —
1625 1842 1666 1867 25.
1684 1838 1824 1860 consonet
1846 1837 1881 1860 M

341 1801 379 1825 15.
402 1795 551 1818 incomoda
570 1796 727 1818 substinere
753 1794 777 1816 V
792 1809 822 1812 -κ
848 1794 885 1818 16.
907 1795 1020 1826 podium
1042 1796 1188 1818 ‹li-<ebatur
1214 1794 1283 1817 V—
1307 1794 1347 1818 18.
1367 1795 1490 1826 duplicis
1519 1795 1541 1818 1⁷
1556 1807 1563 1812 ·

429 1952 434 1966 ¹
457 1954 493 1977 La
517 1954 587 1976 srase
608 1953 760 1976 “nondum
783 1954 879 1985 elapso
905 1953 989 1976 unius
1017 1954 1083 1976 anni
1105 1954 1223 1984 spatio„

340 1995 396 2027 pub
417 1996 576 2025 significare
596 1998 680 2019 tanto
701 1996 749 2018 che
771 1997 798 2018 in
820 2003 901 2019 meno
916 1996 980 2018 ‹l‘un
995 2003 1071 2019 anno
1086 1996 1113 2019 (li
1130 1995 1226 2019 studio

342 2037 468 2066 Ugolino
488 2039 528 2060 sia
549 2039 623 2060 stato
638 2039 787 2060 nominato
802 2037 961 2067 professore
974 2037 1227 2068 (interpretazione

341 2080 391 2102 clu·
411 2088 426 2103 a
447 2088 496 2106 nne.
517 2082 617 2102 contro
638 2079 798 2110 l'opinione
818 2080 861 2102 dcl
883 2080 1036 2103 (munuum
1061 2079 1103 2102 nel
1132 2079 1226 2102 Bull-

341 2122 502 2144 ‹lell'lst.
524 2122 619 2144 stor.
644 2122 696 2149 It„
718 2123 757 2144 n.⁰
780 2128 818 2151 14»
839 2128 927 2152 129⁴·
948 2129 973 2144 n.
994 2129 1017 2152 3,
1037 2121 1227 2144 scmbrerebbe

341 2165 365 2187 la
388 2161 436 2194 piii
458 2164 608 2193 naturale),
627 2166 734 2193 quanto
749 2164 798 2186 che
818 2163 862 2186 nel
880 2170 954 2188 1201.
969 2164 1081 2193 quando
1098 2163 1124 2186 fu
1138 2163 1226 2186 eletto

341 2203 458 2237 podes-tii
479 2205 508 2227 di
529 2205 656 2231 Ancona,
677 2205 734 2235 egli
756 2205 828 2227 fosse
849 2203 1006 2235 professore
1031 2204 1064 2227 (ln
1091 2204 1163 2227 circa
1190 2212 1226 2227 un

462 2246 508 2268 Ma
529 2244 627 2276 poiche
649 2247 678 2268 in
699 2253 735 2269 un
757 2246 925 2268 documento
946 2245 989 2268 del
1013 2246 1079 2276 1198
1099 2244 1159 2277 (cit.
1179 2245 1225 2268 dal

341 2288 440 2317 SARTI,
460 2291 499 2316 opi
514 2296 527 2309 e
544 2287 597 2310 vol.
613 2288 669 2315 cit„
689 2295 714 2319 p.
736 2286 780 2318 42)
802 2287 927 2317 Ugolino
940 2285 954 2310 'c
967 2287 1111 2311 chiamato
1125 2294 1226 2310 ancora

340 2330 567 2360 semplicemente
583 2328 718 2360 “giudice
730 2348 752 2360 w
767 2329 824 2352 ein
840 2337 875 2352 un
891 2329 966 2352 altro
982 2329 1025 2352 (lel
1042 2335 1107 2360 1203
1119 2329 1226 2360 (pubbl.

342 2371 386 2394 dal
407 2373 535 2399 SAmei,
556 2374 595 2400 op.
616 2380 628 2393 e
649 2372 704 2394 vol.
724 2372 781 2401 citi,
804 2373 882 2402 parte
895 2371 929 2401 ΙΙ,
944 2379 970 2401 p.
984 2369 1045 2401 248)
1059 2369 1072 2394 ὲ
1085 2369 1133 2402 gia
1148 2371 1226 2394 detto

344 2415 355 2426 ‘¹
369 2415 459 2444 legum
481 2414 614 2444 don-torn,
637 2414 786 2436 ‹lobbiamo
807 2415 944 2437 arwettarc
966 2411 1227 2444 l'interpretazione

341 2456 385 2478 dcl
406 2456 548 2478 Gaudenzi
575 2455 735 2485 (condiv1sa
761 2456 848 2478 ant-lic
875 2456 920 2478 dal
948 2456 1165 2486 G1.=xNG1A00M1,
1187 2459 1226 2485 op.

340 2253 425 2269 anilo·

341 2499 394 2527 cit„
410 2505 453 2529 pp.
475 2496 577 2528 311-2).
608 2498 647 2521 La
668 2498 817 2521 medesima
832 2498 903 2521 srase
917 2498 950 2521 ha
967 2498 1052 2521 Bone.
1067 2498 1142 2521 nella
1157 2499 1226 2521 Rhe-

343 2541 427 2563 tat—ica
447 2540 555 2570 antiqua
576 2540 629 2569 (ed.
650 2540 707 2568 clt.‚
727 2548 753 2571 p.
771 2539 842 2572 147):
860 2542 870 2552 ¹⁴
882 2540 978 2571 elapso
993 2541 1046 2563 iam
1061 2540 1146 2563 unius
1160 2541 1224 2563 anni

345 2582 466 2612 “spacio
478 2600 501 2611 „.

430 2621 440 2638 ²
458 2622 489 2646 In
510 2626 608 2654 questo
629 2622 640 2634 ¹‘
655 2625 766 2647 subsum
779 2641 791 2654 „
818 2624 939 2647 credettc
959 2624 979 2647 il
1006 2624 1151 2647 Gaudenzi
1176 2623 1226 2655 (Lo

342 2665 436 2689 Studio
457 2666 485 2688 di
502 2665 624 2695 Bologna
645 2666 703 2695 cit„
723 2673 749 2696 p.
772 2665 830 2695 136)
850 2665 879 2689 di
899 2666 987 2689 (lover
1007 2667 1111 2689 sentire
1131 2673 1167 2688 un
1188 2673 1225 2688 se-

341 2716 398 2739 gno
418 2707 493 2730 della
513 2707 694 2739 dspendenza,
722 2709 749 2730 in
776 2708 839 2738 quel
861 2710 954 2739 tempo
980 2710 1068 2731 ormai
1090 2708 1225 2738 stabilita,

342 2750 385 2772 (lei
401 2749 555 2780 professori
571 2749 646 2772 dello
660 2749 762 2773 Studio
776 2750 930 2781 bolognese
943 2750 990 2773 dai
1005 2750 1065 2773 loro
1078 2750 1226 2781 discepoli.

430 2790 441 2806 '³
460 2791 490 2814 P.
517 2795 557 2821 54,
584 2791 613 2814 ll.
642 2797 735 2820 11-23:
762 2791 931 2823 Approvata
951 2791 1174 2816 dnll'assemblea
1201 2793 1227 2815 la

343 2834 478 2863 proposta
497 2834 524 2856 di
547 2832 682 2863 Ugolino,
703 2834 794 2863 questi
816 2835 837 2857 si
860 2841 920 2857 reca
940 2841 955 2857 a
976 2834 1111 2865 Bologna,
1126 2834 1226 2862 donde,

343 2876 473 2898 ottenuta
494 2875 536 2898 da’
557 2875 620 2898 suoi
640 2875 742 2898 scolari
769 2876 796 2898 la
822 2876 916 2899 debita
944 2876 1060 2903 licenza.
1087 2883 1167 2907 passa
1192 2877 1225 2900 ad

343 2916 470 2943 Ancona,
491 2924 598 2940 assume
618 2917 732 2941 l'ufficio
755 2917 783 2940 (li
811 2916 926 2948 potlcstz').
952 2926 965 2942 e
991 2918 1047 2942 nlla
1074 2920 1143 2942 testa
1170 2919 1226 2942 del-

1281 1953 1422 1976 l'esercito
1436 1953 1576 1984 sconflgge
1591 1953 1600 1976 i
1614 1953 1743 1975 Fermani
1761 1960 1774 1975 a
1789 1952 1998 1984 Sant'Elpidio,
2012 1952 2170 1983 plantando

1284 1996 1304 2019 il
1325 1995 1442 2018 vessillo
1462 1996 1636 2018 anconitano
1657 2002 1753 2026 presso
1773 1995 1799 2018 la
1821 1995 1885 2018 loro
1906 1993 1985 2025 citt-i,
2007 2002 2021 2018 e
2042 1995 2172 2028 respinge
2199 2004 2210 2013 ⁶

1283 2038 1323 2068 gli
1346 2036 1477 2060 Osimani
1502 2037 1536 2060 da
1563 2044 1600 2060 un
1627 2036 1746 2060 castello
1773 2037 1851 2060 detto
1880 2037 1900 2060 il
1927 2036 2038 2069 Pogglo
2063 2037 2171 2069 (presso

1283 2079 1444 2107 Macerata),
1467 2079 1584 2102 sacendo
1598 2079 1774 2110 prigioniero
1788 2079 1878 2102 Paolo
1899 2079 1931 2102 de
1946 2079 2108 2108 Lamarlna,
2121 2079 2170 2102 che

1283 2121 1355 2145 n’cra
1375 2122 1498 2151 signore,
1519 2128 1533 2144 e
1553 2121 1695 2144 tornando
1715 2121 1876 2144 trionfante
1895 2122 1925 2144 in
1948 2118 2027 2145 cittii.

1369 2163 1492 2193 Accolga
1513 2164 1631 2186 Ancona
1652 2166 1750 2193 questo
1775 2164 1858 2187 breve
1881 2164 1992 2192 scritto,
2011 2165 2170 2195 composto,

1282 2205 1343 2228 dice
1364 2205 1458 2233 Bonan,
1477 2205 1512 2228 da
1533 2206 1577 2228 chi
1598 2206 1666 2229 ebbe
1686 2213 1700 2228 a
1721 2206 1838 2229 Firenze
1858 2204 1969 2236 gl'inizi
1985 2212 1999 2228 e
2013 2213 2027 2229 a
2042 2205 2170 2237 Bologna

1283 2246 1295 2258 “
1307 2247 1412 2270 celebre
1433 2249 1636 2271 incre-mentum
1649 2265 1672 2277 „.

1367 2288 1378 2303 ⁴
1398 2289 1449 2312 Per
1468 2291 1565 2320 questa
1586 2290 1710 2313 maniera
1730 2289 1757 2312 di
1783 2291 1995 2322 approvazione
2015 2290 2050 2313 cs.
2072 2297 2097 2313 n.
2121 2296 2130 2313 1
2153 2297 2168 2313 a

1282 2338 1306 2362 p.
1328 2337 1368 2362 4²-

1368 2373 1378 2389 ⁵
1397 2372 1594 2404 Sant'Elpidio
1616 2382 1629 2397 a
1650 2373 1734 2402 Mare,
1756 2381 1786 2396 su
1807 2381 1843 2396 un
1864 2373 1936 2397 colle
1950 2381 1965 2396 a
1980 2373 2064 2405 pochi
2079 2373 2168 2397 chilo-

1282 2416 1363 2439 metri
1389 2416 1620 2444 dall'Adriatico,
1648 2417 1690 2439 tra
1716 2416 1742 2439 le
1772 2416 1843 2439 valli
1870 2416 1913 2439 del
1941 2415 2056 2439 Chlenti
2084 2422 2098 2439 e
2123 2415 2168 2439 del

1281 2458 1378 2480 Terina
1399 2458 1490 2489 (prov.
1511 2458 1537 2481 di
1561 2458 1659 2481 Ascoli
1680 2458 1806 2487 Piceno).

1368 2498 1378 2513 ⁶
1398 2498 1420 2522 11
1442 2499 1589 2523 Ciavarini
1609 2498 1724 2531 (Colle-¹5.
1744 2501 1774 2523 di
1791 2501 1889 2523 docum.
1915 2499 2010 2523 storici
2033 2506 2086 2522 ecc.
2111 2499 2168 2527 cit..

1282 2542 1300 2572 1,
1321 2549 1346 2573 p.
1368 2541 1446 2573 κων)
1468 2543 1562 2566 indica
1588 2544 1626 2566 sei
1654 2543 1777 2574 villaggi
1803 2542 1830 2565 di
1859 2544 1958 2572 questo
1987 2548 2069 2565 nome
2095 2541 2169 2565 nelle

1281 2584 1402 2609 Marchc,
1422 2591 1464 2607 rna
1484 2584 1628 2607 identifica
1649 2583 1743 2614 quello
1756 2583 1803 2606 cui
1817 2589 1937 2606 accenna
1951 2583 1999 2614 qui
2014 2582 2100 2606 Bone.
2113 2590 2168 2606 con

1281 2633 1336 2648 nno
1357 2633 1427 2656 poco
1448 2625 1571 2649 distante
1591 2626 1625 2649 da
1646 2627 1776 2654 Ancona,
1795 2625 1850 2648 alle
1865 2624 1941 2648 salde
1961 2625 1989 2648 di
2005 2626 2100 2648 monte
2113 2623 2168 2648 Co-

1282 2675 1348 2691 ncro
1362 2668 1400 2698 (p.
1414 2667 1455 2697 56.
1471 2668 1559 2696 notai,
1574 2667 1716 2699 seguendo
1730 2667 1875 2690 l’accenno
1889 2667 1934 2690 del
1949 2665 2166 2697 GnmARnAcm,

1280 2713 1319 2738 op.
1341 2709 1393 2736 cit„
1414 2709 1432 2739 1,
1454 2717 1479 2740 p.
1501 2708 1564 2732 268:
1590 2709 1640 2732 “al
1659 2709 1780 2732 castello
1795 2708 1824 2731 di
1838 2708 1931 2731 Puoio
1946 2707 2093 2731 d'Osmani
2107 2708 2169 2731 lon-

1281 2752 1373 2774 “tano
1393 2753 1431 2774 sei
1453 2751 1553 2783 rniglia
1574 2751 1650 2775 dalla
1670 2750 1739 2774 cittii
1760 2750 1908 2773 d’Ancona
1924 2769 1945 2781 ,‚.
1984 2749 2005 2772 E
2033 2750 2168 2782 potrebbe

1281 2800 1377 2822 essere,
1403 2793 1471 2816 dato
1496 2794 1545 2816 che
1571 2793 1595 2816 si
1616 2794 1701 2816 tratta
1729 2792 1757 2815 di
1783 2799 1837 2815 una
1858 2792 1978 2815 vlttoria
2002 2791 2074 2823 sugli
2103 2791 2168 2815 Osi-

1282 2836 1355 2857 mani
1377 2835 1422 2864 (=
1433 2834 1577 2866 Osmani);
1598 2842 1642 2858 ma
1661 2835 1682 2857 il
1702 2832 1904 2865 Giangiacomi
1925 2833 1976 2864 (op.
1991 2834 2045 2862 cit.‚
2065 2840 2091 2864 p.
2105 2831 2168 2865 351)

1282 2884 1336 2900 non
1358 2878 1387 2900 lo
1407 2878 1495 2906 crede,
1514 2884 1528 2900 e
1547 2879 1604 2901 cita
1624 2877 1645 2900 il
1665 2877 1783 2900 Ferretti
1805 2875 1855 2907 (op.
1876 2874 1940 2906 cia),
1957 2876 1977 2899 il
1993 2876 2074 2906 quale
2088 2875 2167 2907 parla

1281 2920 1307 2942 (li
1331 2918 1464 2951 “l’oggio
1485 2927 1565 2942 verso
1585 2919 1757 2949 Recanati„.

2190 765 2228 796 10

2191 1029 2228 1062 15

2191 1298 2232 1328 20

2191 1562 2232 1594 25

2197 2211 2229 2238 35

2195 2631 2227 2657 45

2196 2842 2229 2869 50
