2282 3502
128 197 178 234 [A.
200 201 292 235 1173}

638 201 789 238 LIBER
819 205 888 239 DE
916 206 1193 245 OssSlDIONE
1223 211 1441 251 ANCONE
1900 225 1945 260 33

217 323 327 358 ¹Nam
351 337 427 360 cum
451 330 598 372 quedam
623 332 746 365 nobilis
775 335 899 366 mulier
931 336 1111 370 lactentem
1145 340 1296 375 deferret
1327 345 1359 376 in

126 377 220 410 iuxta
243 385 373 420 portam
399 382 558 422 civitatis,
581 385 710 427 reperit
735 387 890 420 balistam
906 388 928 427 ¹.
952 390 1008 432 qui
1034 403 1092 434 pre
1117 394 1206 426 fame
1224 397 1325 428 nimia
1350 407 1586 434 consternatus
1618 404 1763 442 iacebat,
1794 417 1858 439 nec
1882 418 1944 450 po-

125 435 212 463 terat
235 433 372 465 trahere
397 435 549 468 cordam.
597 438 659 470 Illa
683 450 765 472 vero
781 440 890 482 ipsum
915 444 1077 476 continuo
1109 450 1256 487 vocavit,
1280 450 1523 495 interrogando
1549 466 1610 487 cur
1633 458 1683 490 sic
1707 467 1946 493 consternatus

123 483 263 518 iaceret.
309 485 387 527 Ipse
411 494 524 521 sutem
550 491 739 532 respondit,
763 503 798 525 se
822 493 914 526 fame
938 496 1074 537 penitus
1091 508 1163 530 esse
1185 510 1433 544 consumptum.
1480 506 1541 538 Illa
1565 509 1691 551 quippe
1717 512 1815 544 dixit:
1846 515 1859 530 “
1874 513 1942 546 lam

81 536 98 567 5
129 537 351 580 ‘quindecim
376 541 507 573 dierum
533 543 678 585 spatium
702 551 753 578 est
777 546 940 589 elapsum,
965 551 1056 591 quod
1090 562 1156 583 non
1183 556 1317 587 comedi
1343 557 1404 588 nisi
1429 559 1520 591 coria
1552 568 1665 594 cocta:
1690 565 1780 596 unde
1807 566 1858 598 lac
1882 578 1944 609 pro

127 590 261 632 “puero
286 592 342 624 vix
366 604 502 635 possum
525 596 664 629 habere.
712 598 967 639 Verumtamen.
991 603 1019 634 si
1046 604 1107 642 vis,
1142 615 1199 637 ore
1230 610 1456 643 summitatem
1488 615 1730 655 apprehendas
1757 621 1941 662 msgmille,

127 643 189 676 “et
211 644 238 676 si
262 644 392 689 aliquid
416 648 586 681 attrahere
612 656 718 691 potes,
743 652 890 684 animam
915 655 1116 695 refocilla„
1163 659 1248 691 Cum
1273 668 1385 694 autem
1418 664 1586 698 elevasset
1618 669 1746 708 oculos,
1770 677 1803 703 et
1838 673 1940 704 vidis-

120 702 170 729 set
192 699 285 740 quod
307 706 396 732 esset
419 700 544 733 nobilis
568 703 716 742 domina,
748 715 817 737 non
846 715 924 738 cum
955 719 1062 749 parvo
1094 711 1223 752 pudore
1255 717 1410 757 surrexit,
1436 724 1470 750 et
1501 721 1764 761 apprehendens
1796 724 1940 764 baleam,

118 755 278 792 quattuor
301 752 344 784 de
369 752 601 787 obsessoribus
623 757 658 788 in
682 767 776 790 mora
808 759 933 792 modici
960 764 1120 804 temporis
1151 764 1338 799 interfecit.
1383 770 1441 801 Sic
1471 772 1560 803 enim
1594 775 1763 814 maritate,
1787 778 1937 820 virgines

57 801 94 833 10
117 807 152 834 et
174 802 276 836 vidue
300 805 483 839 bellatores
506 809 640 842 assidue
664 810 872 850 ortabantur,
896 819 933 845 ut
956 814 1089 847 virilem
1115 818 1310 852 viderentur
1334 823 1481 855 animum
1515 826 1651 858 habere.
1697 828 1937 864 Verumtamen

118 854 151 887 in
179 861 308 889 tantum
341 858 405 891 iam
438 869 638 895 excreverat
671 864 788 903 fames,
819 866 911 908 quod
943 868 1047 899 nichil
1080 870 1153 902 fere
1185 872 1422 907 inveniebatur
1453 878 1496 909 ad
1527 881 1789 915 comedendum.
1838 884 1938 917 Unde

113 908 248 951 plurimi
272 917 408 953 pactum
432 913 551 946 facere
576 915 806 955 conabantur;
830 918 874 951 de
906 920 1032 952 nuntiis
1064 924 1222 965 equidem
1247 928 1464 961 securitatem
1498 931 1622 964 habere
1648 944 1714 966 non
1745 939 1937 977 poterant’‚

115 966 149 995 et
171 963 254 1006 quid
277 965 394 998 facere
418 966 461 998 de
485 968 640 1000 exercitu
664 976 814 1011 possent,
831 973 964 1013 penitus
987 974 1203 1017 ignorabant.
1249 980 1379 1012 Eadem
1403 982 1570 1024 siquidem
1590 986 1673 1018 hora
1691 989 1826 1022 domine
1852 992 1935 1024 civi-

1392 346 1539 380 brachiis
1570 360 1722 391 puerum,
1753 355 1947 395 quemdam,

115 1015 191 1047 tatis
213 1017 248 1048 in
274 1018 494 1051 contionem⁴
518 1028 696 1059 venerunt,
721 1023 902 1057 offerendo
926 1036 962 1058 se
993 1027 1084 1069 ipsas
1115 1036 1148 1061 et
1179 1031 1349 1065 dicendo:

1387 1037 1400 1051 “
1416 1036 1588 1081 Numquid
1619 1040 1787 1073 asinorum
1813 1053 1934 1076 carnes

52 1066 88 1099 15
111 1074 189 1101 sunt
211 1071 444 1112 saporosiores
467 1075 590 1106 nostris
612 1075 658 1107 ad
681 1075 876 1109 edendum?
923 1079 1102 1114 Comedite
1120 1082 1222 1125 igitur
1238 1096 1299 1118 nos
1316 1087 1368 1118 vel
1387 1089 1532 1129 proicite
1549 1091 1583 1122 in
1602 1103 1704 1131 mare,
1729 1096 1808 1137 quia
1825 1098 1934 1129 minus

109 1233 143 1260 et
166 1228 320 1262 inaudita
342 1233 521 1273 promissio
544 1234 587 1266 ab
602 1235 770 1278 antiquisl
816 1237 915 1277 Nam,
932 1249 1008 1271 cum
1025 1241 1068 1272 sit
1091 1243 1186 1275 rara'
1205 1245 1323 1283 virtus,
1340 1253 1373 1278 et
1389 1248 1462 1279 avis
1478 1260 1554 1282 rara
1570 1251 1604 1282 in
1622 1259 1723 1291 terra,
1740 1255 1929 1296 pollicitum
2007 1270 2032 1292 κ’,
2048 1277 2086 1293 ιμ
2101 1278 2108 1290 ,

201 1365 222 1382 ι.
241 1360 376 1390 quaedam
398 1362 432 1385 M
447 1374 458 1380 -
477 1363 577 1387 mulier
598 1364 705 1389 nobilis
730 1364 754 1387 V
768 1379 777 1384 -
797 1366 947 1392 lactantem
973 1369 1000 1398 V,
1022 1371 1044 1394 C
1061 1372 1095 1395 ed
1112 1373 1148 1396 iil
1163 1386 1170 1390 -
1192 1375 1327 1405 quendam
1349 1377 1375 1400 Ι)
1392 1387 1405 1401 e
1430 1379 1454 1401 V
1469 1394 1497 1395 j
1521 1387 1544 1404 2.
1564 1384 1643 1413 porta
1665 1384 1690 1406 Ι)
1707 1396 1715 1400 -
1736 1385 1863 1409 rivitatis
1881 1394 1928 1411 om.

114 1398 137 1422 C
152 1401 187 1424 ed
205 1401 239 1424 M
255 1413 265 1419 -
279 1404 397 1434 repereit
421 1403 443 1427 C
457 1417 466 1421 -
484 1412 550 1437 prae
570 1407 606 1429 M
620 1419 651 1423 —
673 1413 724 1439 2-4.
746 1415 794 1432 nec
814 1411 995 1442 poterat....
1015 1416 1211 1439 consternatus
1232 1417 1329 1441 iaceret
1350 1428 1397 1443 om.
1414 1421 1480 1443 Ccd
1494 1423 1526 1445 M
1543 1436 1572 1439 —
1593 1432 1616 1454 4.
1636 1424 1709 1455 ipse]
1728 1426 1777 1449 illc
1802 1427 1826 1450 V
1841 1441 1848 1445 -
1864 1436 1927 1452 ron-

110 1443 231 1466 sumtum
252 1444 289 1467 M
302 1457 310 1462 -
330 1447 413 1476 quipe
434 1447 457 1470 C
475 1460 506 1464 —-
527 1455 550 1479 5.
571 1448 743 1483 quindecim]
762 1457 799 1475 xv
821 1452 844 1476 C
860 1453 894 1475 ed
911 1454 948 1476 ⁴¹¹!
969 1467 999 1471 —
1020 1454 1043 1479 6.
1063 1458 1235 1482 sonnitatem
1259 1460 1297 1482 1'-
1311 1462 1484 1492 aprelicndas
1500 1465 1541 1488 C·
1557 1467 1680 1490 mamille
1699 1467 1731 1495 V;
1746 1471 1876 1493 mamiole
1891 1472 1926 1498 C:

110 1484 253 1508 mamillae
270 1486 308 1509 M
322 1498 355 1504 —
375 1492 398 1518 7.
419 1487 538 1522 aliquid]
562 1489 652 1515 adhuc
672 1492 706 1515 M
729 1505 740 1510 -
764 1492 911 1518 adtrahere
933 1494 956 1518 C
972 1497 1006 1519 ed
1023 1498 1059 1520 All
1075 1510 1083 1515 -
1104 1499 1244 1524 refortilla
1270 1502 1294 1524 V
1309 1515 1316 1519 -
1336 1503 1482 1529 ellevasset
1502 1507 1611 1530 oeullos
1634 1508 1657 1531 C
1674 1523 1703 1525 ξ
1725 1510 1776 1540 7-8.
1799 1512 1928 1544 vidisset!

63 1529 78 1555 ς
110 1525 185 1550 vidit
210 1526 280 1549 V—
299 1526 324 1552 8.
342 1529 428 1561 esset]
447 1532 506 1555 erat
527 1532 551 1556 C
567 1533 602 1556 ed
619 1534 655 1557 M
670 1546 678 1551 -
698 1536 806 1559 surexit
828 1536 851 1560 C
867 1549 876 1554 -
895 1537 1107 1569 adprehendens
1128 1542 1151 1565 C
1169 1543 1202 1565 ed
1220 1544 1254 1566 ,ll
1271 1558 1301 1562 —-
1321 1552 1345 1576 9.
1366 1549 1484 1577 quatuor
1509 1548 1536 1576 V,
1559 1549 1581 1572 C
1598 1552 1631 1573 ed
1650 1552 1685 1574 M
1700 1565 1709 1569 -
1729 1554 1876 1578 maritatae
1897 1556 1932 1578 M

108 1580 140 1584 —
159 1575 232 1599 9·¹0·
252 1570 336 1594 vidue
357 1572 482 1603 virgines
504 1574 537 1602 (ῖς
558 1574 660 1599 viduae
678 1576 706 1600 et
726 1577 851 1609 virgines
871 1579 906 1602 111
923 1593 953 1597 --
976 1587 1016 1604 10.
1036 1581 1222 1608 hortabantur
1249 1587 1283 1609 M
1306 1600 1320 1602 —
1367 1595 1451 1612 ποατ.
1471 1591 1638 1615 ortabantur
1658 1594 1690 1616 ad
1711 1594 1845 1618 edendum
1866 1595 1929 1628 [l’oi

105 1617 154 1634 om.
173 1610 196 1634 ιἹ
208 1614 288 1640 passo
307 1614 338 1636 ut
358 1613 505 1640 virilem..
517 1632 541 1640 ..
560 1616 594 1639 nd
615 1617 825 1648 comedendum,
843 1628 856 1644 e
876 1621 1002 1651 riprende
1021 1624 1114 1654 qm'mli
1131 1634 1176 1649 con
1196 1626 1274 1651 Unde
1295 1629 1423 1662 plurimi]
1445 1633 1467 1655 C
1485 1633 1518 1655 ed
1536 1634 1570 1656 ,11
1588 1648 1617 1650 νὴ
1647 1642 1685 1658 11.
1711 1637 1926 1670 comedenduml

104 1651 241 1676 edendum
262 1654 299 1677 zv!
313 1667 345 1671 —
368 1662 406 1679 12.
428 1656 517 1681 facere
537 1660 648 1689 pactum
674 1659 697 1682 V
712 1674 744 1679 —
767 1668 805 1693 13.
824 1661 940 1695 Eadem}
963 1664 1000 1688 Ea
1022 1666 1045 1689 C
1062 1667 1096 1689 etl
1112 1668 1149 1691 1¹!
1163 1680 1173 1685 -
1192 1669 1324 1694 dominae
1345 1673 1379 1695 M
1396 1686 1425 1689 —«
1450 1680 1486 1704 14,
1507 1677 1670 1700 com-ionem
1687 1678 1741 1701 M·
1755 1680 1890 1703 oserendo
1906 1682 1928 1704 C

105 1705 137 1710 —
160 1698 198 1724 ¹⁵-
218 1697 379 1726 superiores
404 1697 429 1720 V
443 1699 477 1722 ed
494 1700 531 1723 M
545 1712 554 1717 ·
575 1701 681 1725 nostris
700 1710 746 1726 om.
769 1704 792 1728 C
809 1717 819 1722 -
838 1713 885 1728 om.
916 1706 963 1729 Ve
985 1708 1008 1732 C
1024 1708 1047 1731 il
1061 1711 1143 1738 punto
1162 1711 1257 1735 interr.
1277 1725 1285 1730 -
1306 1715 1438 1747 projicite
1459 1717 1490 1739 M
1510 1730 1539 1733 —
1565 1717 1601 1741 16.
1625 1719 1758 1743 surrorem
1781 1722 1804 1746 C
1823 1735 1852 1738 —
1883 1729 1922 1753 17.

43 1739 76 1758 ιο
105 1738 239 1766 praesunt
257 1738 294 1761 M
309 1751 317 1755 -
337 1739 477 1772 nesciunt]
499 1743 630 1766 vetantur
651 1744 675 1768 C
691 1745 725 1768 ed
743 1745 780 1768 M
795 1758 805 1763 -
824 1747 969 1771 amiranda
989 1749 1015 1772 I'
1032 1758 1045 1773 e
1068 1751 1090 1774 C
1109 1764 1137 1768 —
1162 1752 1200 1777 18.
1221 1754 1311 1778 virtus
1331 1758 1391 1779 avis
1410 1764 1470 1781 rara
1491 1759 1520 1781 in
1541 1761 1612 1783 terra
1635 1762 1657 1784 C
1674 1762 1708 1784 ecl
1726 1763 1780 1786 Μ-
1795 1764 1823 1786 ἰη
1839 1762 1923 1797 terra]

103 1778 131 1800 et
149 1779 224 1802 terra
252 1780 273 1804 V
288 1779 329 1812 [Il
345 1782 425 1813 luogo
444 1783 458 1806 ὲ
472 1785 684 1813 probabilmente
699 1791 799 1818 guasto
818 1787 879 1820 (6)]
900 1802 931 1806 -—
955 1790 1028 1823 18-p.
1048 1799 1080 1823 34
1101 1793 1119 1817 1.
1141 1800 1162 1818 1.
1183 1795 1330 1826 policitum
1350 1800 1526 1824 ammirabile
1545 1803 1624 1826 omni
1645 1804 1834 1829 admiratione
1856 1808 1879 1829 C

187 1874 195 1891 ¹
214 1876 244 1902 P.
262 1884 304 1908 33,
325 1878 342 1902 1.
366 1885 419 1911 1·p.
438 1887 480 1912 34,
499 1881 518 1905 l.
539 1888 585 1912 14:
607 1881 668 1908 Una
689 1884 785 1909 nobile
805 1885 909 1917 donna,
929 1895 982 1911 con
1123 1890 1286 1923 L'episodlo
1306 1895 1378 1918 della
1399 1895 1492 1920 donna
1513 1905 1527 1922 e
1545 1899 1589 1922 del
1611 1900 1724 1924 soldato
1747 1902 1774 1925 fu
1800 1905 1920 1927 trattato

97 1923 136 1940 un
161 1917 259 1943 bimbo
284 1920 407 1946 lattante
431 1923 461 1946 in
488 1923 610 1954 braccio,
637 1927 778 1951 s'imbatte
804 1935 900 1959 presso
927 1938 982 1955 una
1037 1932 1083 1955 dal
1103 1934 1209 1964 pittore
1237 1934 1352 1968 Filippo
1380 1937 1474 1961 Man-o
1501 1940 1670 1972 Giuseppini
1697 1943 1724 1965 in
1752 1950 1787 1966 un
1813 1945 1919 1974 quadro
1948 1950 1982 1974 40

97 1961 179 1990 porta
198 1961 272 1986 della
291 1960 362 1986 citt&
382 1964 410 1987 in
430 1971 468 1988 un
482 1965 645 1991 halestriere
656 1968 785 1999 giacente
799 1978 813 1994 a
827 1972 900 1995 terra
915 1974 983 1996 este·
1037 1972 1118 2004 (1850
1145 1976 1230 2001 circa)
1259 1982 1426 2002 conservato
1456 1980 1498 2002 nel
1528 1980 1622 2005 Museo
1652 1984 1743 2006 civico
1770 1984 1798 2007 di
1827 1985 1919 2009 Udine

40 1999 69 2026 ¹5
98 2003 195 2031 nuato.
219 2011 241 2033 e,
269 2006 452 2037 quantunque
477 2009 623 2033 estenuata
651 2011 795 2036 anch’essa
821 2013 922 2044 perche
948 2016 982 2039 da
1036 2014 1263 2044 (Gmsonteom.
1283 2022 1324 2047 op.
1343 2019 1395 2047 cit„
1415 2027 1460 2052 pp.
1480 2022 1579 2052 37²·3)·
1616 2022 1718 2047 Trntto
1733 2024 1752 2047 il
1769 2026 1919 2050 medcsimo

97 2045 224 2075 quindici
244 2047 340 2077 giomi
361 2047 466 2072 ridotta
487 2051 617 2075 acibarsi
638 2053 766 2078 soltanto
780 2054 807 2078 di
828 2057 912 2080 cuoio
927 2057 984 2081 bol·
1035 2060 1166 2089 soggetto
1188 2058 1331 2083 Vinccnzo
1357 2061 1467 2086 l’odesti
1498 2064 1524 2086 in
1553 2071 1588 2087 un
1615 2066 1721 2095 quadro
1747 2072 1916 2092 conservato

96 2085 160 2116 lito,
178 2087 218 2120 gli
239 2088 307 2113 offre
325 2090 444 2121 qualche
461 2093 558 2123 goccia
579 2093 623 2118 del
644 2102 714 2126 poco
735 2096 804 2120 latte
821 2098 870 2122 che
895 2105 983 2124 ant-or
1037 2100 1080 2123 nel
1103 2101 1259 2132 Municipio
1279 2103 1307 2125 di
1329 2104 1447 2127 Ant-ona
1468 2105 1528 2134 (1υ.,
1548 2110 1588 2136 op.
1602 2108 1655 2135 cit..
1669 2115 1695 2138 p.
1708 2108 1778 2140 367).
1817 2111 1918 2133 Ambe-

95 2128 121 2152 le
140 2130 258 2154 rimane.
293 2131 316 2154 11
336 2132 457 2164 soldato,
478 2137 646 2160 arrossendo
672 2145 727 2161 non
755 2146 836 2170 poco.
860 2142 882 2165 si
911 2142 981 2170 niza,
1035 2141 1086 2165 due
1107 2147 1358 2174 rappresentarono
1379 2147 1399 2169 il
1426 2148 1538 2171 soldato
1565 2149 1692 2173 nell'atto
1717 2151 1746 2174 di
1773 2152 1914 2176 ristorarsl
1944 2159 1975 2184 45

95 2170 191 2195 afferra
210 2172 237 2196 la
256 2172 377 2197 balestra
397 2181 411 2198 e
431 2177 511 2200 trova
531 2184 634 2201 ancora
653 2181 732 2203 tanta
748 2180 833 2210 sorza,
848 2183 938 2213 prima
952 2185 980 2207 di
1034 2185 1057 2207 al
1080 2192 1146 2208 seno
1166 2186 1239 2209 della
1259 2187 1362 2218 donna,
1383 2197 1425 2212 ma
1447 2190 1534 2215 Bone.
1559 2191 1638 2222 parla
1664 2193 1727 2216 solo
1753 2194 1916 2218 dell'ofl'erta

35 2211 69 2229 20
95 2213 198 2242 cadere,
213 2213 247 2238 da
261 2216 387 2240 uccidere
401 2220 516 2248 quattro
531 2221 642 2244 nemici.
679 2221 708 2246 Si
724 2230 850 2255 propone
865 2224 979 2249 intanto
1032 2228 1058 2250 di
1079 2230 1176 2258 questa
1196 2236 1209 2252 e
1229 2230 1368 2262 aggiunge
1389 2231 1436 2255 che
1463 2233 1482 2256 il
1510 2233 1630 2261 soldato,
1657 2239 1866 2267 vergognatosi,
1891 2238 1914 2261 si

94 2253 128 2279 da
147 2255 242 2280 alcuni
262 2257 289 2281 la
308 2264 380 2286 resa:
402 2267 444 2283 ma
464 2259 490 2284 le
508 2263 698 2292 gentildonne
716 2267 802 2289 stesse
829 2268 851 2290 si
879 2275 979 2292 recano
1030 2268 1094 2292 aizo
1114 2277 1127 2292 e
1141 2277 1218 2293 corse
1232 2270 1259 2293 di
1277 2279 1370 2295 nuovo
1383 2280 1397 2296 a
1410 2275 1592 2299 combattere.
1630 2275 1792 2308 L'episodio
1806 2277 1820 2302 'e
1835 2280 1915 2309 quin-

93 2296 296 2322 all’assemblea
315 2301 455 2325 cittadina
474 2302 509 2326 ad
529 2303 624 2328 offrire
642 2305 668 2329 le
687 2306 751 2330 loro
770 2309 847 2332 carni
869 2310 898 2333 in
916 2310 978 2334 cibo
1031 2310 1058 2333 di
1081 2313 1150 2334 assai
1173 2311 1221 2343 piu
1242 2313 1337 2337 nobile
1357 2315 1400 2338 nel
1422 2319 1555 2340 racconto
1575 2318 1602 2340 di
1625 2318 1712 2342 Bone.
1733 2320 1782 2342 che
1802 2320 1914 2344 nell'in-

92 2339 118 2362 si
139 2340 335 2369 combattenti,
356 2341 455 2374 perche
469 2345 493 2368 si
507 2347 640 2370 continui
655 2348 730 2372 nella
744 2351 903 2379 resistenza,
918 2359 977 2383 pre·
1030 2353 1234 2385 terpretazione
1254 2357 1354 2386 errata,
1375 2364 1417 2381 ma
1437 2358 1544 2382 dovuta
1565 2359 1639 2383 forse
1658 2367 1672 2383 a
1695 2360 1831 2385 necessita
1845 2364 1913 2386 arti·
1942 2370 1975 2394 50

90 2381 184 2412 gando
204 2382 360 2408 altrimenti
381 2385 409 2408 di
430 2392 519 2410 essere
537 2390 644 2419 gettate
670 2390 699 2413 in
726 2399 808 2422 mare,
836 2394 977 2424 piuttosto
1030 2395 1127 2424 stiche,
1147 2395 1188 2418 dei
1211 2396 1263 2419 due
1283 2398 1394 2427 pittori.

31 2423 62 2450 ²⁵
91 2421 119 2446 di
139 2422 228 2448 dover
246 2425 344 2449 cadere
363 2426 394 2450 in
415 2434 498 2452 mano
517 2429 543 2452 al
559 2431 670 2455 crudele
684 2435 803 2458 nemico.
840 2435 925 2459 Bone.
940 2437 976 2460 ri·
1116 2434 1127 2450 Β
1147 2438 1158 2448 “
1171 2437 1299 2467 balista„
1322 2447 1338 2462 o
1359 2442 1369 2451 *⁴
1383 2440 1495 2465 ballista
1508 2460 1519 2471 ,,
1543 2450 1576 2466 va
1597 2444 1644 2474 qui
1667 2444 1757 2467 inte-so
1773 2445 1816 2468 nel
1832 2452 1912 2469 senso

36 2458 38 2462 ’
90 2465 176 2488 corda
194 2466 242 2496 qui
262 2466 287 2490 le
312 2467 405 2492 donne
430 2469 458 2493 di
485 2469 700 2504 Gerusalemme,
727 2474 783 2505 che,
811 2478 922 2507 quando
949 2478 974 2501 la
1029 2478 1056 2501 di
1080 2478 1280 2503 “ballistarius
1294 2497 1318 2510 „.
1356 2472 1375 2504 ὲ
1397 2484 1572 2514 impossibile
1587 2486 1667 2508 unire
1683 2489 1841 2518 “portam,‚
1858 2495 1911 2511 con

89 2505 152 2530 loro
171 2505 241 2532 cittii
260 2516 306 2532 era
326 2511 465 2534 assediata
485 2512 519 2536 da
539 2513 715 2544 Vespasiano
734 2524 748 2540 e
767 2516 843 2545 Tito,
862 2519 886 2542 si
900 2519 973 2543 ciba-
1031 2519 1206 2550 “balistam„
1229 2529 1242 2545 e
1261 2523 1417 2554 ricavsrne,
1437 2532 1516 2549 come
1532 2526 1558 2550 sa
1573 2527 1605 2550 ad
1621 2534 1658 2550 es.
1672 2527 1911 2552 l'Emiliani-Giu-

88 2554 162 2572 rouo
175 2549 249 2573 delle
261 2553 338 2575 carni
353 2551 397 2576 dei
412 2553 474 2576 loro
489 2555 568 2579 stessi
583 2555 714 2587 figliuoli,
727 2559 759 2583 ed
773 2560 861 2584 esalta
875 2562 972 2592 quincii
1028 2562 1084 2585 dici
1105 2565 1157 2592 (op.
1176 2563 1229 2588 cit..
1250 2571 1275 2594 p.
1295 2571 1327 2595 33
1335 2566 1366 2595 ι),
1389 2574 1443 2590 una
1464 2567 1476 2578 “
1490 2571 1571 2599 porta
1592 2569 1697 2593 Balista
1709 2587 1721 2599 ‚,
1742 2570 1768 2593 di
1789 2572 1832 2594 cui
1855 2579 1910 2595 non
1940 2577 1970 2602 55

89 2591 310 2622 maggiormente
328 2593 473 2619 l'eroismo
498 2596 572 2621 delle
596 2598 690 2622 donne
715 2603 893 2630 anconitane,
920 2611 973 2627 una
1027 2604 1048 2625 si
1069 2605 1188 2627 avrebbe
1207 2605 1363 2630 altrimenti
1392 2610 1526 2633 memoria
1551 2608 1596 2641 (cs.
1624 2608 1844 2639 Gisxcmconu.
1870 2617 1910 2643 op.

27 2632 62 2657 30
88 2630 161 2655 dene
179 2633 256 2663 quali
276 2635 299 2657 si
320 2635 378 2659 fece
392 2637 528 2662 salassare
547 2645 595 2670 per
609 2640 674 2664 dare
688 2641 709 2664 il
723 2645 839 2675 proprio
860 2651 973 2676 sangue,
1027 2646 1080 2672 cit.‚
1100 2652 1125 2677 p.
1147 2645 1206 2676 266,
1226 2654 1252 2671 n.
1275 2647 1309 2677 ι).

87 2674 167 2697 cotto
180 2681 234 2698 con
248 2675 362 2708 droghe,
376 2678 406 2701 in
421 2681 501 2710 pasto
515 2680 542 2704 ai
557 2683 619 2706 suoi
634 2682 687 2707 due
701 2683 762 2715 figli
777 2686 971 2711 combattenti.
1113 2685 1124 2701 ²
1142 2687 1205 2711 Non
1225 2690 1247 2712 si
1269 2697 1396 2715 avevano
1417 2693 1528 2716 notizie
1548 2694 1590 2716 dei
1615 2696 1626 2706 ‘⁴
1639 2695 1733 2718 nuntii
1745 2713 1766 2724 η,
1787 2695 1847 2720 cio'e
1861 2696 1907 2720 dei

86 2712 126 2737 Le
138 2713 231 2739 donne
243 2718 424 2748 anconitane,
437 2720 498 2744 dice
511 2721 604 2752 Bone..
618 2723 722 2748 surono
735 2725 883 2750 imitatrici
898 2727 971 2751 della
1026 2729 1067 2751 tre
1087 2729 1168 2752 usciti
1190 2730 1219 2753 dl
1239 2730 1307 2755 citt&
1327 2739 1341 2755 a
1361 2735 1540 2765 procacciare
1559 2736 1639 2765 aiuti,
1661 2737 1736 2760 ossis
1757 2744 1791 2760 un
1813 2739 1907 2761 “eser-

87 2755 181 2780 madre
200 2757 228 2780 di
248 2756 396 2784 Giovanni
414 2760 523 2791 Ircano,
538 2764 563 2788 la
576 2765 668 2795 quale,
682 2767 857 2798 prigioniera
871 2769 901 2792 di
915 2769 970 2792 To-
1028 2770 1132 2802 “cito„
1155 2772 1320 2798 liberatore:
1341 2775 1375 2799 cf.
1397 2784 1422 2808 p.
1444 2782 1484 2807 27,
1505 2777 1534 2800 ll.
1558 2778 1643 2809 14-16.
1934 2782 1968 2806 60

86 2796 180 2822 lomeo
200 2800 317 2824 insieme
336 2808 387 2826 con
407 2803 459 2828 due
478 2806 540 2828 suoi
560 2806 618 2838 figli
634 2815 647 2830 e
662 2810 742 2839 posta
759 2809 793 2832 da
807 2810 902 2840 quello
916 2817 969 2834 con
1112 2812 1121 2827 ⁴
1140 2813 1207 2838 Cosi
1230 2816 1256 2839 la
1277 2817 1406 2841 dclinisce
1427 2819 1455 2842 lo
1475 2821 1564 2842 stesso
1587 2822 1670 2845 Bone.
1698 2822 1770 2846 nella
1797 2824 1905 2846 Rhetor.

25 2843 58 2869 35
85 2837 149 2863 loro
168 2840 240 2864 sune
260 2849 336 2867 mura
355 2843 400 2868 del
419 2846 536 2870 castello
556 2847 586 2871 di
599 2848 680 2880 Dago
695 2849 821 2882 (Gerico)
836 2852 886 2875 che
900 2851 969 2876 Gio-
1023 2856 1119 2880 noviss.
1139 2856 1192 2884 (ed.
1211 2857 1269 2885 cit.‚
1289 2866 1315 2889 p.
1330 2861 1407 2891 293):
1429 2862 1439 2871 *⁴
1453 2860 1560 2884 Conti⁰
1575 2864 1615 2886 est
1630 2868 1784 2887 conventus
1799 2865 1905 2895 populi,

86 2882 172 2905 vanni
192 2882 292 2907 Ircano
310 2885 465 2917 assediava,
484 2888 613 2913 incitava
625 2892 817 2922 quest'ultimo
831 2900 847 2917 a
861 2894 969 2925 colpire
1025 2895 1097 2927 “qui
1125 2898 1276 2922 secundum
1303 2902 1537 2926 consuetudinem
1564 2905 1690 2928 civitatis
1717 2908 1763 2929 aut
1788 2907 1842 2930 loci
1869 2908 1903 2930 ad

83 2928 165 2947 senza
183 2924 285 2949 timore
305 2927 398 2952 madre
416 2936 430 2952 e
449 2929 520 2961 figli,
540 2930 656 2956 affinche
676 2933 703 2956 la
722 2934 918 2959 scelleratezza
938 2936 966 2960 di
1025 2938 1197 2962 “clamorem
1209 2940 1336 2965 tubarum
1351 2943 1392 2966 vel
1407 2951 1540 2975 campane
1551 2946 1672 2969 sonitum
1685 2951 1904 2979 congregatur„-

84 2963 222 2990 Tolomeo
244 2975 299 2991 non
320 2970 471 2995 rimanesse
490 2978 573 2997 senza
592 2975 686 3005 giusta
706 2976 847 3001 vendetta.
1109 2979 1119 2993 ⁵
1138 2971 1159 3003 ὲ
1178 2981 1198 3004 il
1221 2983 1232 2994 ‘¹
1247 2981 1325 3007 furor
1343 2986 1505 3009 teutonicus
1518 3003 1541 3016 η,
1561 2994 1591 3010 su
1612 2988 1657 3011 cul
1677 2989 1713 3012 cf.
1732 2996 1757 3020 p.
1778 2989 1818 3018 26,
1839 2998 1864 3013 n.
1879 2990 1902 3014 6.
1931 2989 1962 3020 65

111 1121 235 1154 malum
259 1124 432 1158 credimus
455 1136 530 1159 esse
551 1128 648 1166 mori.

214 3080 248 3106 T.
264 3081 311 3111 VI,
331 3091 357 3116 p.
376 3090 412 3110 111
431 3098 463 3103 —
484 3093 509 3118 3.

673 1139 772 1171 quam
796 1129 830 1161 in
855 1130 991 1164 illorum
1022 1137 1203 1175 pervenire
1236 1146 1449 1180 potestatem,

111 1174 248 1214 habent,
272 1183 307 1208 et
329 1178 454 1220 quibus
470 1187 620 1222 presunt,
637 1182 758 1214 nolunt
782 1183 835 1215 vel
848 1186 1004 1218 nesciunt
1022 1187 1210 1231 indulgere.

1481 1143 1539 1185 qui
1565 1145 1714 1178 furorem
1730 1146 1740 1163 ⁵
1771 1159 1833 1190 pro
1859 1150 1933 1192 lege

1257 1192 1286 1224 O
1311 1193 1511 1227 admiranda
1528 1200 1721 1231 constantia
1737 1202 1928 1242 mulierum,
