2282 3502
873 166 1204 202 PREFAZIONE
1860 171 1887 203 X
1898 172 1942 205 1⁴1

220 300 259 334 P.
295 299 351 343 17,
380 299 402 333 1.
439 300 507 334 12:

221 402 230 410 .
247 401 254 410 .
269 400 293 410 ..
319 377 540 419 [illeggibile]

221 469 260 503 P.
292 469 352 512 22,
381 468 402 502 1.
439 469 474 502 1:

219 546 354 588 questio
379 545 563 578 cancelarii
588 546 682 578 facta
707 545 754 576 ilii
782 545 903 588 iegato.

81 639 99 672 5
220 637 258 672 Ρ.
292 637 352 680 22,
382 636 405 671 l.
437 637 477 672 8:

221 713 417 756 Responsio
442 713 555 758 iegati.

219 806 260 840 P.
292 806 353 848 22,
382 805 405 839 l.
441 805 503 840 10:

222 881 407 920 Quomodo
431 882 563 925 legatus
586 882 686 914 aliam
712 882 823 924 posuit
846 883 1059 925 questionem

220 973 259 1008 Ρ.
291 974 352 1016 22,
377 972 399 1007 l.
435 972 500 1010 17:

59 1050 98 1082 10
223 1051 420 1092 Responsio
444 1050 639 1093 cancelarij.

221 1142 261 1176 P.
293 1142 355 1185 26,
384 1141 406 1175 ι.
441 1142 504 1177 10:

222 1220 372 1262 denique
396 1219 637 1262 [riguardante
649 1218 752 1262 forse
767 1219 795 1250 il
807 1220 919 1261 primo
943 1224 1026 1251 testo
1042 1219 1219 1260 rascht'ato,
1236 1231 1271 1251 sc
1295 1224 1380 1262 pure
1393 1231 1454 1251 non
1479 1221 1593 1251 volem
1615 1221 1782 1251 sostituirc
1798 1220 1945 1262 l'itaque,

135 1277 194 1309 che
218 1277 363 1309 tuttavia
386 1287 449 1308 non
472 1277 488 1308 ὲ
510 1281 595 1308 stato
618 1276 808 1317 cancellato]

222 1364 262 1398 P.
293 1363 407 1408 29,1.
443 1364 507 1398 12:

61 1440 98 1473 15
225 1441 281 1482 [In
304 1442 475 1483 margine,
491 1451 535 1472 un
549 1440 606 1484 po'
629 1441 691 1484 pit‘a
714 1441 749 1472 in
771 1441 838 1472 alto
861 1441 948 1472 della
972 1442 1061 1473 linea
1084 1443 1358 1483 corrispondcnte
1375 1441 1429 1472 del
1449 1446 1540 1482 testo,
1557 1442 1573 1473 ὲ
1588 1442 1760 1483 aggiunto
1784 1446 1880 1477 tates,
1898 1441 1947 1471 in-

134 1498 334 1541 tegratione
350 1498 389 1529 di
409 1498 490 1535 civi,
513 1499 638 1541 parola
660 1499 802 1530 rimasta
825 1498 880 1530 nel
899 1503 982 1530 testo
1005 1500 1223 1541 incompiuta]

223 1589 265 1624 Ρ.
294 1588 362 1624 29;

224 1666 281 1708 [In
304 1666 393 1699 calce
415 1666 491 1709 als.
516 1668 560 1708 48
571 1677 592 1698 v
608 1667 624 1698 ὲ
647 1667 680 1698 la
697 1672 861 1709 seguente
883 1671 961 1699 nota
977 1668 1011 1698 in
1026 1668 1192 1699 scrittura
1215 1667 1312 1699 molto
1329 1667 1390 1709 piic
1407 1671 1546 1702 recente,
1569 1667 1710 1705 corsiva,
1733 1667 1767 1696 in
1783 1666 1949 1696 relatione

136 1724 206 1757 alla
220 1724 394 1767 samiglia
422 1724 456 1756 T
453 1725 640 1767 raversari,
664 1726 703 1757 di
725 1726 781 1757 cui
809 1726 865 1757 nel
892 1731 974 1758 testo
1005 1727 1022 1758 ὲ
1045 1727 1212 1757 nominato
1243 1725 1380 1757 Pietro:
1403 1725 1445 1756 de
1470 1725 1614 1767 quadam
1642 1724 1754 1765 puella
1785 1723 1826 1754 de
1861 1723 1949 1753 Tra-

58 1781 100 1814 20
137 1782 295 1814 versariis
317 1782 577 1815 Ravennatibus
599 1789 692 1815 extat
715 1782 807 1815 hist.·
831 1784 923 1825 apud
946 1784 1023 1826 Joh.
1056 1783 1262 1815 Boccacium
1296 1782 1387 1814 Libr.
1421 1782 1598 1813 Decamer.
1633 1781 1695 1812 Die
1720 1781 1761 1811 5‘2
1778 1780 1877 1821 capit.
1904 1779 1946 1810 δ’.

133 1830 172 1872 Ε
190 1840 223 1871 la
245 1839 375 1872 novella
399 1840 485 1871 della
500 1840 610 1872 caccia
626 1840 806 1883 infernale,
823 1841 856 1872 la
870 1842 926 1872 cui
940 1841 1180 1884 protagom'sta
1197 1841 1213 1872 ὲ
1228 1852 1293 1872 una
1308 1840 1464 1882 figliuola
1480 1839 1518 1870 di
1531 1839 1648 1875 Paulo,
1656 1838 1763 1880 figlt'o
1779 1838 1816 1868 di
1832 1837 1950 1869 Pictro

141 1896 362 1938 Traversari]

222 1988 262 2023 P.
291 1989 352 2032 34,
381 1987 405 2024 1.
440 1988 504 2024 15:

224 2065 353 2098 Contra
376 2066 443 2099 hoc
467 2066 600 2098 locutus
624 2073 675 2099 est
697 2067 913 2109 imperatoris
936 2067 1068 2109 legatus
1091 2067 1316 2099 Constantino
1330 2090 1337 2097 .
1352 2089 1359 2096 .
1374 2089 1380 2096 .
1396 2088 1403 2096 .

60 2160 98 2192 25
223 2158 263 2192 P.
295 2158 356 2202 34,
386 2156 407 2192 Ι.
444 2157 508 2196 17:

224 2235 350 2276 [Poche
370 2235 490 2277 parole
511 2235 654 2267 sbiadite
677 2247 694 2267 e
716 2237 909 2279 illeggibili
928 2247 965 2268 su
988 2236 1051 2267 due
1073 2235 1169 2276 linae]

221 2327 261 2361 P.
293 2327 353 2370 34,
382 2326 416 2361 11.
453 2326 585 2362 19-20:

225 2418 293 2440 non
315 2408 412 2449 faci[t
436 2419 454 2439 o
477 2408 551 2450 unt]
574 2409 845 2451 promiss[ionem
860 2410 890 2451 Ρ]
904 2432 912 2441 .
926 2433 933 2441 .
948 2433 956 2442 .
970 2433 978 2441 .
1003 2410 1061 2442 det
1085 2414 1183 2450 capt.
1199 2431 1207 2439 .
1220 2432 1227 2439 .
1243 2432 1251 2440 .
1274 2418 1333 2439 sua
1357 2406 1497 2438 inimico
1515 2412 1547 2437 et
1564 2411 1615 2436 est
1633 2414 1734 2436 causa
1752 2401 1949 2435 obsidionis.

224 2500 265 2534 P.
296 2499 410 2545 35,1.
445 2500 482 2535 1:

59 2581 102 2613 30
225 2582 407 2624 plurimum
430 2582 509 2626 [gib
531 2588 645 2616 notata
669 2588 725 2616 tra
747 2584 778 2615 le
800 2583 962 2625 variante]

227 2673 268 2707 P.
299 2671 516 2716 35,1.11:

226 2755 337 2787 oratio
360 2754 512 2788 eiusdem

225 2845 265 2880 Ρ.
297 2845 357 2889 36,
388 2845 424 2880 ιι.
456 2844 545 2884 7-8:

227 2932 323 2958 extra
339 2928 432 2969 quod
448 2938 517 2960 non
532 2938 610 2965 vox,
633 2929 695 2961 sed
713 2929 763 2960 vis
779 2934 830 2960 est
854 2927 1119 2969 contemplanda
1135 2925 1265 2968 [parole
1287 2925 1502 2966 incorporate
1517 2922 1572 2952 nel
1586 2925 1668 2952 testo
1691 2919 1747 2951 del
1768 2916 1953 2957 Aluratori]
