2287 3466
265 2958 295 2974 10

1066 175 1401 211 PREFAZIONE

325 311 339 328 “
359 309 754 355 constantinopolitani
783 309 1011 356 imperatoris
1039 308 1279 344 Anconenses
1308 309 1496 343 civitatem
1525 307 1722 343 defendere
1750 321 1821 343 non
1849 321 1967 356 posse,
1987 308 2033 344 de
2053 309 2144 343 civi-

326 377 339 394 “
357 383 432 412 tate
462 388 625 421 egressus
655 381 720 418 est,
751 382 787 410 et
816 386 989 420 magnum
1018 375 1221 410 exercitum
1249 386 1359 421 quam
1388 375 1492 408 citius
1521 375 1738 420 preparavit,
1768 380 1804 410 et
1832 375 1970 410 dictum
1997 375 2140 410 cancel-

327 443 340 459 “
360 443 486 478 larium
516 443 562 476 ab
583 441 775 476 obsidione
805 441 943 488 expulit
961 470 975 486 ‚,
1000 438 1021 476 ¹.

407 510 548 547 Questo
576 519 696 555 paSSO,
725 520 746 542 a
775 513 877 553 parte
907 509 940 542 la
970 507 1166 542 differenza
1195 507 1230 541 di
1261 507 1346 541 data
1362 505 1387 550 ²,
1416 518 1488 541 non
1517 506 1563 540 ha
1593 506 1652 540 del
1688 513 1785 542 resto
1823 519 1950 541 nessun
1978 519 2141 542 accenno

319 576 384 610 che
415 575 586 610 contrasti
616 586 688 609 con
716 574 748 609 la
777 574 988 609 narrazione
1019 573 1054 606 di
1083 573 1211 616 Bone„
1241 573 1342 608 salvo
1371 572 1494 620 quello
1523 572 1718 607 sull'uscita
1756 571 1814 608 del
1855 573 1978 618 legato
2017 573 2140 608 bizan-

320 643 394 675 tino
423 640 518 675 dalla
548 641 637 675 citta
664 641 701 675 in
731 651 837 675 cerea
865 640 1004 685 d'aiuti‚
1033 640 1184 685 giacche
1215 639 1328 674 Bone.
1359 639 1441 673 dice
1472 638 1537 673 che
1575 650 1594 672 a
1631 637 1873 684 quest’ufficio
1901 640 1936 674 tu
1971 638 2142 686 deputata

321 718 389 742 una
419 708 677 742 commissione
707 707 743 741 di
771 712 826 742 tre
855 706 967 741 nobili
998 705 1164 741 cittadini
1179 703 1203 741 ³.

396 773 468 807 Dal
499 774 702 819 Maragone
731 786 829 819 poco
858 772 1037 807 differisce
1067 773 1091 806 il
1121 772 1358 807 Breviarium
1387 771 1558 807 historiae
1577 770 1745 814 pisanae,
1767 771 1831 805 che
1851 771 2143 806 indirettarnente

321 852 364 875 ne
394 840 518 875 deriva
549 839 721 883 (seconda
750 841 849 874 meta
878 839 937 875 del
965 838 1093 874 secolo
1122 837 1276 883 X1V)⁴:

410 908 423 924 “
443 905 589 941 Eodem
619 918 714 940 anno
746 906 969 941 Christianus
997 904 1213 952 praedictus,
1244 907 1304 952 qui
1333 905 1445 940 multa
1474 904 1567 938 mala
1596 904 1750 939 Thuscis
1778 903 1913 947 intulit,
1933 915 1953 937 a
1974 903 2145 938 Calendis

324 975 337 990 “
362 973 500 1018 Aprilis
529 984 638 1019 usque
666 972 712 1006 ad
742 971 903 1006 medium
932 983 1094 1006 mensem
1123 971 1298 1006 Octobris
1327 971 1514 1006 civitatem
1532 971 1712 1005 Anconae
1733 981 1817 1004 cum
1837 981 1972 1015 magno
1991 969 2146 1004 militum

322 1040 336 1056 “
356 1045 392 1074 et
420 1039 585 1086 peditum
614 1038 790 1082 exercitu,
821 1043 857 1073 et
887 1039 935 1073 40
963 1037 1078 1083 galeis
1097 1037 1253 1081 obsedit,
1273 1038 1308 1071 in
1338 1049 1408 1084 qua
1439 1037 1597 1082 Legatos
1625 1036 1859 1082 Imperatoris
1888 1036 2144 1070 Constantino-

324 1106 338 1121 “
357 1105 507 1152 politani
536 1117 620 1140 cum
650 1104 760 1139 multa
789 1104 942 1150 pecunia
972 1115 1038 1149 pro
1067 1104 1143 1150 ejus
1171 1103 1307 1138 auxilio
1337 1109 1435 1145 erat3
1457 1110 1493 1138 et
1514 1103 1559 1138 ad
1580 1108 1718 1137 tantam
1739 1102 1928 1149 penuriam
1958 1103 2145 1137 civitatem

1950 1167 2024 1203 Sed
2054 1168 2144 1203 dicti

324 1238 338 1254 “
356 1238 590 1283 Imperatoris
619 1237 1012 1282 Constantinopolitani
1034 1237 1196 1282 Legatus
1214 1237 1355 1280 videns,
1376 1235 1475 1282 quod
1495 1236 1623 1270 civitas
1644 1235 1876 1282 perdebatur‚
1898 1234 2028 1269 exinde
2047 1246 2147 1269 exer-

323 1174 336 1189 “
357 1171 509 1216 redegit,
542 1176 578 1206 ut
607 1183 726 1214 canes,
758 1179 794 1205 et
822 1175 955 1215 gattos,
985 1177 1022 1205 et
1051 1171 1152 1205 coria
1171 1169 1379 1204 animalium
1400 1176 1625 1205 mortuorum
1646 1169 1895 1203 comederent.

323 1307 336 1322 ‘⁴
357 1305 470 1339 citum
499 1304 749 1348 congregavit,
780 1309 817 1339 et
845 1303 1078 1337 obsidionem
1108 1302 1258 1348 fugavit,
1289 1308 1325 1337 et
1354 1302 1540 1337 civitatem
1568 1302 1683 1348 ipsam
1712 1300 1910 1347 defendit„
1931 1298 1955 1335 ⁵.

406 1371 571 1414 Diverse,
605 1381 664 1405 ma
702 1381 774 1403 non
805 1370 1046 1404 contrastanti
1084 1381 1152 1404 con
1190 1369 1224 1404 le
1260 1368 1484 1415 precedenti,
1521 1380 1613 1402 sono
1649 1367 1683 1402 le
1721 1367 1857 1402 notizie
1896 1366 2062 1401 forniteci
2103 1364 2148 1399 da

319 1436 550 1473 Romualdo:

410 1505 424 1521 ‘⁴
441 1500 688 1551 [Christianus]
716 1503 912 1537 Anconam
942 1513 1024 1536 cum
1057 1501 1210 1537 Venetis
1238 1506 1404 1546 tempore
1434 1501 1548 1547 longo
1568 1499 1726 1544 obsedit,
1748 1499 1920 1534 credebat
1939 1500 2036 1534 enim
2056 1499 2149 1533 Gre-

358 1582 440 1605 cum
469 1569 664 1616 quemdam
694 1568 1092 1613 Constantinopolitani
1120 1567 1350 1613 imperatoris
1379 1567 1555 1610 nuntium,
1585 1567 1643 1613 qui
1673 1566 1709 1600 in
1737 1565 1870 1601 eadem
1890 1565 2038 1600 civitate
2059 1570 2148 1608 erat,

357 1650 440 1672 cum
468 1648 530 1671 sua
559 1637 716 1682 pecunia
746 1646 896 1680 capere3
926 1634 991 1670 sed
1020 1634 1103 1682 quia
1132 1635 1232 1669 cives
1261 1633 1424 1668 eiusdem
1454 1633 1611 1668 civitatis
1640 1633 1673 1667 ei
1693 1632 1845 1668 viriliter
1864 1632 2088 1675 resistebant,
2109 1636 2144 1666 et

358 1704 542 1738 eomitissa
561 1703 606 1738 de
626 1702 854 1737 Berthenora
876 1714 959 1735 cum
980 1699 1170 1736 Willelmo
1200 1700 1246 1735 de
1267 1700 1493 1747 Markysella
1514 1699 1627 1735 nobili
1646 1697 1869 1734 Ferrariensi
1890 1699 2046 1741 catanio,
2067 1710 2151 1732 curn

325 1837 339 1853 Ω
325 1770 338 1786 R
326 1704 339 1720 t:
324 1638 338 1654 z:
323 1572 337 1588 R

356 1782 486 1815 magna
515 1769 743 1804 multitudine
775 1768 930 1802 militurn
960 1773 996 1802 et
1024 1767 1188 1813 peditum
1208 1767 1254 1800 ad
1274 1778 1483 1802 succursum
1513 1766 1674 1802 eiusdem
1695 1765 1852 1800 civitatis
1872 1764 2056 1807 veniebat,
2077 1775 2150 1798 non

360 1837 479 1882 potuit
507 1835 605 1883 quod
634 1835 848 1870 intendebat
877 1834 1062 1879 perficere,
1101 1836 1163 1867 sed
1203 1839 1349 1878 recepta
1378 1833 1425 1867 ab
1462 1832 1705 1867 Anconitanis
1740 1842 1871 1876 magna
1908 1830 2074 1876 pecunia,
2104 1830 2150 1865 ab

327 1903 340 1919 “
359 1903 550 1937 obsidione
579 1902 729 1937 recessit
749 1930 762 1946 ,‚
783 1899 804 1934 ‘’.

860 1902 891 1935 E
921 1901 981 1946 qui
1011 1901 1029 1933 e
1059 1899 1265 1943 l’accenno,
1295 1900 1361 1935 che
1390 1898 1545 1934 tuttavia
1566 1897 1802 1932 nessun'altra
1822 1897 1923 1931 fonte
1944 1896 2147 1940 conferma,

319 1982 339 2004 a
360 1970 496 2004 denaro
517 1970 603 2003 dato
624 1968 720 2013 dagli
741 1968 966 2003 Anconitani
987 1979 1008 2001 a
1028 1967 1210 2002 Cristiano
1231 1966 1266 2000 di
1286 1966 1471 2011 Magonza
1488 1977 1552 2011 per
1570 1965 1713 1999 indurlo
1733 1975 1752 1997 a
1772 1963 1921 1998 lasciare
1941 1963 2111 1998 l'assedio
2126 1959 2148 1997 ⁷.

406 2037 432 2070 ll
464 2036 647 2070 canonico
677 2035 866 2069 Tolosano
896 2034 968 2079 poi,
999 2034 1022 2067 il
1054 2034 1111 2068 cui
1146 2033 1349 2068 Chronicon
1368 2033 1501 2077 giunge
1521 2032 1621 2066 bensi
1641 2030 1673 2065 al
1709 2031 1818 2074 1236,
1848 2042 1906 2064 ma
1934 2028 2029 2064 nella
2049 2036 2149 2075 parte

321 2103 378 2137 dal
414 2103 508 2137 1219
541 2103 575 2135 in
604 2102 726 2136 avanti
757 2102 776 2134 ὲ
806 2112 918 2145 opera
948 2100 983 2134 di
1014 2112 1058 2133 nn
1079 2100 1330 2134 continuatore
1350 2100 1499 2133 rimasto
1519 2097 1768 2140 sconosciuto,
1789 2098 1807 2130 ὲ
1829 2095 2021 2140 anch’egli,
2044 2107 2150 2129 come

319 2169 343 2202 il
373 2170 576 2213 Maragone
607 2179 625 2200 e
655 2167 879 2208 Romualdo‚
912 2171 1225 2211 contemporaneo
1255 2177 1277 2198 o
1306 2166 1407 2212 quasi
1445 2164 1502 2198 dei
1541 2164 1618 2198 fatti
1656 2163 1724 2198 che
1763 2174 1877 2205 narra,
1907 2175 1926 2196 e
1964 2163 2036 2209 pub
2065 2162 2150 2196 dirsi

321 2240 632 2279 contemporaneo
663 2233 760 2267 dello
789 2240 903 2267 stesso
932 2234 1064 2266 Bono:
1096 2244 1156 2266 ma
1184 2231 1389 2266 all’assedio
1419 2231 1456 2265 di
1484 2232 1643 2265 Ancona
1680 2241 1841 2264 accenna
1878 2236 2012 2274 troppo
2050 2228 2150 2273 fuga-

1596 2296 1740 2329 “Anno
1773 2295 2026 2335 MCLXXlIL
2067 2306 2148 2329 can-

328 2366 341 2382 “
361 2366 523 2401 cellarius
553 2366 774 2400 Christianus
803 2375 838 2399 et
869 2364 1039 2400 Venetici
1069 2363 1293 2399 obsederunt
1320 2364 1529 2405 Anconam,
1560 2374 1650 2409 quos
1678 2361 1879 2397 Lombardi
1909 2360 2080 2406 expulere
2102 2360 2148 2394 ab

326 2433 339 2448 ‘⁴
359 2431 549 2467 obsidione
568 2459 581 2475 „
604 2430 624 2468 ⁵.

322 2307 486 2335 cernente
516 2313 535 2334 e
564 2311 635 2334 non
666 2300 711 2332 lia
740 2300 865 2334 valore
897 2300 963 2332 che
994 2309 1057 2342 per
1088 2298 1293 2332 l’esattezza
1324 2296 1418 2332 della
1447 2296 1549 2330 data:

409 2571 417 2588 ¹
443 2574 471 2596 B.
491 2573 671 2599 MARAGONE.
692 2572 807 2595 Annales
828 2572 931 2599 Pisani,
952 2572 980 2594 ln
1002 2573 1097 2602 questa
1114 2579 1204 2594 nuova

321 2616 389 2639 edlz.
409 2615 483 2638 della
506 2615 635 2638 Raccolta
658 2614 860 2641 muratmiana,
881 2613 927 2643 VI,
948 2615 1026 2645 parte
1045 2619 1077 2640 11,
1098 2620 1124 2644 p.
1145 2619 1185 2643 59.

408 2655 418 2671 ²
438 2656 483 2680 Cf.
503 2657 524 2680 il
547 2658 602 2679 mio
623 2658 783 2679 conuuento
805 2664 818 2678 a
840 2656 935 2684 Bone„
957 2663 982 2687 p.
1005 2662 1044 2685 50.

408 2698 418 2712 ³
438 2698 481 2722 Cf.
503 2699 529 2722 la
550 2701 677 2730 presente
697 2698 775 2725 ediz.,
797 2706 824 2729 p.
845 2704 885 2729 27,
906 2698 924 2721 l.
948 2705 986 2728 14.

409 2740 417 2755 ⁴¹
439 2741 679 2767 Indirettamcnte,
700 2747 777 2763 come
797 2740 830 2763 ha
852 2742 990 2763 mostrato
1006 2738 1036 2764 L.
1051 2740 1084 2762 A.
1100 2740 1208 2763 Burri:-

323 2791 374 2808 GHI
394 2785 422 2808 in
444 2784 548 2807 Arch.
571 2785 830 2812 Muratoriano,
845 2790 871 2807 n.
886 2789 914 2805 21
932 2782 1030 2813 (19³2)·
1046 2790 1070 2813 p.
1087 2788 1134 2812 575
1150 2790 1208 2812 sgg.

409 2825 419 2840 ⁵
439 2827 501 2849 11)Ιέ.
529 2826 565 2849 Il.
588 2826 645 2853 δᾶ,
668 2825 712 2853 VI,
734 2825 788 2850 col,
813 2826 910 2855 19ΟΒ;
928 2825 1097 2847 brevissimo
1118 2825 1165 2855 poi
1189 2825 1207 2847 il

321 2875 412 2891 cenno
438 2867 483 2890 del
509 2868 602 2890 Chron.
628 2868 709 2890 breve
736 2868 861 2890 Pisanum
886 2866 929 2897 (in
958 2865 1095 2894 UGiiELm,
1125 2866 1208 2889 ltalia

324 2910 416 2936 Sacra,
437 2909 468 2938 X,
491 2909 627 2938 Venetiis,
647 2908 750 2935 Coleti,
775 2914 849 2939 1722,
870 2908 923 2931 col.
947 2907 1015 2937 120).

409 2949 419 2965 ⁶
444 2950 604 2974 ROMUALm
641 2950 843 2974 SALi-:RNlTANI
875 2950 1027 2980 chronicon,
1056 2949 1084 2972 in
1112 2951 1208 2980 questa

1262 2579 1353 2595 nuova
1382 2571 1449 2594 ediz.
1471 2571 1541 2594 della
1564 2572 1693 2595 Raccolta
1713 2570 1915 2597 muratoriana‚
1941 2569 2001 2596 VII,
2027 2570 2105 2600 parte
2129 2575 2149 2596 1,

1265 2621 1290 2644 p.
1312 2613 1370 2645 265.

1352 2654 1362 2669 ⁷
1383 2655 1427 2679 Cf.
1448 2657 1467 2679 il
1491 2657 1548 2680 mio
1568 2656 1736 2685 commento,
1758 2661 1783 2686 p.
1804 2659 1846 2685 45,
1866 2662 1892 2677 n.
1911 2660 1936 2684 3.

1351 2696 1361 2711 ⁸
1381 2698 1546 2725 TOLOSANO,
1569 2697 1724 2726 Chronicon,
1745 2698 1772 2719 in
1789 2696 1947 2720 Diu-umenti
1959 2696 1988 2718 11'1'
2000 2695 2084 2719 storia
2098 2696 2148 2719 ila-

1263 2740 1346 2763 linem.
1386 2741 1519 2764 Crmtachc
1539 2741 1584 2763 dei
1601 2740 1681 2763 secoli
1694 2739 1775 2762 Xlll
1787 2748 1799 2761 e
1813 2739 1892 2763 XII:
1907 2738 2030 2765 Firenze,
2050 2737 2147 2761 Vieus⁴

1263 2790 1338 2812 seux,
1362 2782 1437 2812 1876,
1458 2781 1503 2809 VI,
1524 2790 1549 2812 p.
1569 2781 1628 2813 653.
1666 2781 1688 2804 11
1709 2781 1855 2804 Tolosano
1875 2777 1888 2802 ὲ
1903 2779 2013 2811 seguito
2027 2780 2057 2803 in
2072 2781 2148 2803 tutto

1264 2825 1298 2847 da
1318 2823 1352 2847 G.
1372 2823 1402 2848 C.
1420 2823 1582 2851 Tormuzzx,
1602 2823 1722 2846 Histori'e
1742 2822 1772 2846 di
1788 2823 1905 2851 Faenza,
1924 2820 2043 2850 Funza,
2065 2821 2147 2845 Zara-

1265 2866 1343 2897 sagli,
1366 2864 1438 2896 1675,
1464 2873 1490 2897 p.
1516 2871 1579 2892 211;
1603 2872 1617 2888 e
1641 2865 1677 2888 cf.
1704 2864 1790 2888 anche
1810 2862 1843 2887 G.
1863 2864 2009 2892 Zuccoro,
2035 2863 2147 2887 Cronica

1258 2908 1427 2937 particolare
1439 2924 1444 2930 .
1458 2926 1462 2930 .
1474 2923 1480 2931 .
1491 2923 1498 2930 .
1518 2907 1547 2930 di
1570 2907 1676 2930 Faenza
1690 2913 1754 2934 eec.,
1774 2905 1912 2937 Bologna,
1928 2905 2056 2934 Benaeci,
2072 2910 2147 2937 1575,

1263 2957 1285 2972 c.
1306 2955 1337 2981 23
1349 2955 1416 2980 v-24
1427 2957 1450 2973 r.

2185 906 2223 937 10

2187 1238 2224 1269 15

2188 1569 2227 1599 20

2188 1899 2225 1931 25

2188 2232 2229 2263 30

2180 2742 2207 2767 ¹5

2177 2951 2210 2968 20
