2287 3466
126 932 198 955 ruma,
213 938 250 955 934

266 1602 296 1619 10

267 1868 294 1893 15

266 2081 298 2097 20

267 2291 297 2316 ²5

268 2499 301 2524 30

268 2709 301 2734 35

270 2919 303 2942 40

318 156 365 189 24
1031 151 1417 187 BONCOMPAGNI
1965 157 2018 192 [A.
2038 158 2129 192 1173]

316 288 398 319 Erat
421 287 510 318 enim
535 285 630 328 quasi
656 278 882 321 centenarius,
913 285 1004 316 unde
1035 285 1223 316 senectutis
1253 284 1411 316 baculum
1435 283 1627 323 deferebat,
1658 284 1738 326 quia
1761 285 1826 316 iarn
1851 291 1947 318 erant
1976 284 2129 316 membra

314 339 486 381 spiritibus
509 344 706 380 pauperata.
751 336 917 374 Surrexit,
941 343 975 368 et
998 337 1189 378 preclaram
1206 337 1392 384 orationem
1407 337 1500 368 inter
1516 346 1574 368 eos
1598 337 1734 373 habuit;
1758 337 1848 379 quia,
1866 338 1946 369 licet
1962 338 2129 369 senuisset

315 399 349 425 et
372 393 460 424 vires
481 392 596 423 forent
619 401 766 432 corpore
790 390 976 427 debilitate,
998 397 1071 422 erat
1093 396 1206 421 tamen
1231 390 1266 421 in
1291 390 1427 431 eloquio
1450 389 1621 420 facundus
1643 396 1678 421 et
1700 400 1831 421 morum
1853 391 2031 423 honestate
2054 390 2129 432 plu-

315 446 435 478 rimum
460 445 651 476 decoratus,
696 444 810 485 Inquit
832 443 936 474 enim:

409 497 492 528 “Ad
514 507 574 528 vos
591 496 739 535 clamito,
763 498 857 528 cives
879 496 1109 533 anchonitani,
1133 496 1191 538 qui
1214 496 1258 527 de
1281 495 1388 527 nobili
1410 495 1643 527 Romanorum
1671 495 1831 536 prosapia
1853 496 2023 539 originem
2048 506 2128 527 con-

321 553 335 568 “
348 550 496 582 traxistis
509 548 529 587 ¹,
546 549 605 591 qui
627 549 791 581 hactenus
814 554 976 591 tanquam
1000 549 1062 580 viri
1085 559 1148 590 pro
1172 549 1316 581 tuitione
1333 548 1500 580 libertatis
1516 548 1700 589 pugnastiS,
1722 554 1760 579 ut
1781 549 1988 580 senescentis
2011 559 2130 580 vocem

321 602 469 634 “audire
492 602 613 640 velitis,
638 608 670 633 et
700 602 852 633 eiusdem
884 601 1065 633 studiosius
1095 601 1287 643 intelligere
1317 601 1558 644 significatum.
1604 601 1683 632 Non
1714 600 1803 632 enim
1833 601 1928 643 loqui
1955 601 2129 643 proposui,

321 659 334 673 ¹⁴
351 661 386 688 ut
409 655 619 687 consulatum
643 655 837 686 desiderem
861 654 1017 696 adipisci,
1040 654 1130 697 quia,
1155 655 1247 697 quod
1263 660 1335 686 etas
1359 660 1471 698 negat,
1495 653 1638 685 credere
1655 664 1756 685 nemo
1773 653 1885 686 debet.
1930 654 2010 686 Non
2034 665 2131 686 exor-

322 711 336 726 “
353 709 420 740 diri
444 708 535 740 volui
556 714 592 739 ut
608 714 742 749 captem
759 707 1024 740 benivolentiam
1041 708 1246 749 perorando,
1263 708 1341 749 quia
1363 708 1457 748 loqui
1481 707 1579 748 plura
1595 707 1700 738 michi
1717 706 1814 738 labor
1838 713 1897 745 est,
1913 718 1981 739 non
2005 707 2133 738 emolu-

322 764 507 793 “mentum
554 761 632 793 Non
655 761 786 792 surrexi
810 760 853 792 ad
875 761 1110 802 apparentiam
1135 761 1188 792 vel
1213 760 1323 792 inanis
1345 760 1453 802 glorie
1478 760 1601 791 tastum
1616 759 1638 797 ²,
1662 759 1741 802 quia
1764 759 1862 791 huius
1884 761 1990 792 seculi
2006 770 2131 802 pompa

318 816 331 831 “
348 815 451 848 michi
467 815 533 846 iam
559 814 733 852 emarcuit,
757 824 834 845 cum
850 814 906 845 vix
923 814 1037 845 lumen
1055 814 1118 845 celi
1135 813 1282 850 videam,
1299 819 1332 845 et
1348 813 1464 844 fervor
1480 813 1618 854 spiritus
1634 813 1678 844 ad
1694 812 1891 845 sublimiora
1907 814 2132 849 conscendat3

320 869 334 884 ‘⁶
349 869 453 907 unde,
477 878 553 899 cum
576 867 746 898 subtiliter
769 867 885 898 futura
909 866 1135 908 contemplor,
1157 867 1333 908 utriusque
1364 866 1511 897 hominis
1533 865 1689 908 intelligo
1714 865 1786 896 fieri
1809 865 1979 908 geminam
2002 866 2131 898 resolu-

323 920 484 952 “tionem.
531 919 658 951 Audite
683 919 787 961 igitur
809 929 929 950 vocem
960 919 1147 960 premortui
1177 919 1279 957 senis,
1311 919 1427 950 audite
1460 924 1493 949 et
1516 917 1712 959 intelligite'
1736 917 1841 950 verba
1864 929 1950 956 mea,
1974 918 2134 960 quoniam

322 974 379 1005 “in
403 974 550 1014 puritate
575 972 764 1004 consientie
788 972 918 1014 loquar,
943 982 1006 1004 nec
1029 972 1274 1013 pretermittam
1300 971 1418 1003 dicere
1447 980 1512 1012 que
1537 971 1658 1002 videro
1682 971 1855 1012 expedire.
1900 971 1963 1003 Fui
1986 982 2027 1003 eo
2050 978 2132 1003 tem-

324 1028 433 1067 “pore
457 1026 509 1056 vir
531 1024 729 1061 consularis,
753 1034 820 1066 quo
843 1035 905 1056 rex
930 1025 1086 1056 Lotarius
1109 1034 1171 1056 nos
1193 1025 1229 1055 in
1252 1035 1353 1055 manu
1377 1023 1513 1055 valida³
1532 1023 1678 1060 obsedit,
1703 1024 1849 1055 credens
1873 1024 2046 1055 civitatem
2062 1034 2134 1055 ser-

323 1079 447 1111 “vituti
470 1083 637 1120 perpetue
661 1077 854 1119 subiugare.
901 1077 1062 1110 Recessit
1084 1077 1234 1115 tandem,
1265 1087 1324 1118 spe
1348 1077 1490 1118 propria
1512 1077 1693 1108 frustratus
1725 1082 1759 1108 et
1782 1076 1964 1108 honeratus
1994 1077 2133 1119 proprio

407 1224 429 1241 1.
449 1217 592 1240 differebat
615 1215 634 1239 C
654 1230 684 1233 —
705 1223 727 1240 2.
748 1217 853 1240 surexit
877 1216 898 1239 C
915 1229 925 1234 -
944 1217 1114 1248 praeclaram
1135 1216 1170 1239 M
1183 1228 1190 1233 ·
1210 1216 1307 1239 habuit
1328 1217 1401 1239 inter
1421 1223 1466 1239 eos
1490 1215 1514 1238 V
1528 1228 1538 1232 -
1557 1215 1635 1246 quia]
1655 1216 1682 1238 et
1701 1216 1767 1246 quia
1791 1214 1813 1238 C
1830 1227 1861 1232 —-
1880 1222 1904 1246 3.
1926 1215 1984 1238 fore
2012 1215 2034 1239 V
2049 1228 2059 1233 -
2074 1223 2135 1239 cor-

319 1259 398 1291 poris
421 1258 444 1282 C
460 1260 492 1282 ed
511 1260 546 1282 M
561 1272 570 1276 -
590 1258 754 1282 debilitatae
775 1260 812 1282 Μ
825 1271 835 1276 -
855 1258 980 1289 elloquio
1005 1258 1047 1281 C·
1063 1258 1196 1281 secundus
1222 1258 1247 1280 V
1260 1271 1291 1274 —
1313 1264 1364 1288 3-4.
1386 1257 1539 1288 plurimum
1559 1266 1605 1280 mn.
1629 1257 1651 1280 C
1669 1258 1702 1280 ed
1719 1257 1753 1280 ss!
1770 1270 1802 1274 —
1822 1265 1845 1287 4.
1865 1256 1966 1287 Inquid
1990 1256 2012 1280 C
2028 1270 2038 1275 -
2058 1258 2134 1287 Dopo

319 1302 393 1325 enim
413 1309 495 1332 segue
514 1301 539 1324 in
560 1302 605 1324 M:
626 1300 694 1331 Cap.
714 1300 745 1324 X.
783 1300 932 1324 Allocutio
958 1301 1032 1324 senis
1058 1300 1087 1323 in
1108 1299 1239 1323 Consilio
1267 1299 1404 1323 Civitatis
1430 1298 1529 1330 [questo
1549 1299 1623 1323 titolo
1650 1307 1740 1322 manca
1761 1299 1787 1322 in
1810 1299 1837 1329 C,
1856 1300 1899 1322 che
1919 1307 1980 1322 reca
2000 1300 2090 1322 invece
2109 1300 2133 1323 lo

318 1343 407 1374 spazio
426 1343 543 1367 relativo
562 1344 587 1366 1'71
601 1340 700 1375 hianco]
717 1356 745 1359 —
761 1341 785 1365 6.
800 1344 939 1373 tamquam
960 1343 993 1365 M
1011 1354 1020 1359 -
1040 1342 1172 1365 hactenus
1192 1349 1242 1373 pro
1263 1342 1386 1365 tuitione
1399 1343 1540 1372 tamquam
1557 1343 1610 1364 viri
1626 1341 1766 1365 libertatis
1790 1340 1825 1369 νς
1844 1348 1895 1372 pro
1909 1341 2036 1364 civitatis
2051 1341 2134 1364 liber-

320 1387 379 1409 tate
401 1384 423 1408 C
441 1386 474 1408 ed
493 1386 528 1409 ill
542 1398 551 1402 -
573 1383 754 1415 senescentis]
775 1386 847 1408 senis
872 1384 893 1407 C
910 1385 943 1408 ed
962 1385 996 1408 M
1013 1397 1022 1402 -
1041 1391 1123 1407 voces
1143 1385 1180 1408 M
1195 1397 1225 1400 —
1245 1383 1269 1407 8.
1289 1383 1466 1407 consolatum
1486 1384 1653 1407 desciderem
1683 1382 1706 1406 C
1728 1396 1738 1400 -
1764 1384 1839 1406 aetas
1864 1384 1900 1406 M
1921 1396 1952 1399 —
1979 1382 2029 1412 S-o.
2053 1390 2134 1407 exor-

320 1427 398 1451 dium
413 1428 448 1451 M
463 1441 494 1444 —-
514 1435 539 1459 9.
554 1434 677 1458 raperem
701 1426 722 1450 C
739 1428 772 1450 ed
790 1428 826 1450 A!
840 1439 848 1444 -
870 1427 939 1450 mihi
953 1427 1010 1450 lile
1037 1427 1066 1456 (ἰ,
1086 1435 1099 1449 e
1117 1425 1168 1450 cosi
1187 1430 1303 1456 sempre;
1324 1426 1391 1449 mihi
1408 1426 1488 1457 plura
1511 1425 1533 1448 C
1552 1438 1581 1442 —
1602 1432 1675 1455 9-10.
1695 1426 1826 1452 laborem.
1841 1432 1898 1448 non
1913 1425 2132 1449 emolumentum

322 1470 382 1500 leui,
402 1470 492 1493 iuvere
512 1470 540 1493 di
557 1471 606 1495 est,
627 1470 662 1492 M
677 1470 821 1501 aggiunge
840 1467 1005 1501 praestaret]
1027 1468 1050 1492 C
1067 1470 1100 1492 ed
1117 1470 1153 1492 M
1168 1481 1199 1484 —
1222 1475 1259 1491 10.
1281 1470 1387 1492 surecxi
1412 1468 1434 1491 C
1451 1481 1458 1485 <
1478 1467 1570 1499 gloria
1596 1468 1627 1495 V;
1647 1468 1756 1499 gloriae
1776 1468 1810 1490 M
1831 1480 1841 1484 -
1866 1467 1948 1499 hujus
1973 1468 2077 1491 saeculi
2103 1468 2139 1491 M

321 1525 353 1529 —
376 1519 413 1535 11.
436 1512 459 1536 C
474 1513 506 1535 lta
525 1519 588 1535 cuni
608 1512 633 1534 in
646 1512 704 1543 siue
730 1511 759 1534 di
779 1513 885 1535 calonna
905 1520 918 1535 c
938 1512 1053 1541 ripetuto
1073 1513 1102 1534 al
1114 1510 1248 1540 principio
1268 1511 1340 1534 della
1359 1512 1406 1534 col.
1426 1513 1552 1541 seguente
1572 1523 1580 1526 -
1601 1510 1671 1533 caeli
1692 1510 1727 1533 M
1742 1522 1752 1526 -
1773 1509 1939 1533 conscendit
1963 1509 1985 1532 C
2001 1510 2034 1532 ed
2051 1510 2087 1533 M
2102 1522 2134 1526 —

325 1559 363 1577 12.
384 1553 478 1577 futura
498 1554 640 1577 subtiliter
664 1552 712 1575 V·
733 1553 860 1585 intellige
881 1554 906 1576 P
923 1567 955 1569 —
984 1560 1021 1584 13.
1048 1552 1219 1584 praemortui
1240 1553 1276 1575 M
1292 1566 1322 1569 —
1350 1559 1389 1583 14.
1417 1552 1591 1575 conscientie
1620 1551 1652 1576 C:
1672 1551 1861 1575 conscientiae
1881 1552 1918 1574 M
1932 1564 1940 1568 -
1961 1552 2134 1583 praetermit-

323 1597 379 1619 tam
401 1596 436 1619 M
451 1608 461 1612 -
482 1595 582 1619 videbo
607 1595 637 1623 V;
660 1595 742 1619 video
766 1595 832 1618 Ced
846 1596 880 1618 M
895 1609 926 1612 —
950 1601 988 1625 15.
1008 1595 1176 1618 consullaris
1200 1594 1222 1618 C
1240 1607 1247 1611 -
1268 1593 1421 1618 Lotharius
1446 1593 1472 1621 V,
1495 1593 1518 1617 C
1542 1595 1575 1617 ed
1592 1594 1629 1617 A!
1643 1606 1652 1611 -
1674 1595 1703 1616 in
1723 1601 1805 1617 manu
1827 1593 1921 1616 valida
1942 1600 1991 1616 nos
2014 1592 2036 1616 C
2053 1594 2086 1617 ed
2103 1594 2140 1616 M

323 1651 352 1655 —
375 1637 414 1661 16.
434 1640 582 1670 perpetuae
601 1638 746 1670 subjugare
766 1639 799 1661 M
817 1651 828 1656 -
847 1636 973 1661 Recessit
996 1637 1018 1660 C
1036 1651 1043 1654 -
1064 1638 1184 1660 tamdem
1205 1638 1244 1666 M,
1264 1646 1276 1660 e
1295 1637 1346 1660 cosi
1366 1640 1467 1667 sempre
1486 1649 1493 1653 —
1513 1637 1645 1660 oneratus
1669 1635 1694 1658 V
1710 1637 1743 1659 ed
1760 1636 1797 1659 M

322 1740 468 1772 sappiamo
487 1740 550 1763 solo
569 1741 674 1770 quanto
695 1747 728 1762 ne
747 1740 837 1763 scrive
858 1740 952 1765 Bone..
973 1738 1074 1770 poiche
1101 1746 1202 1762 nessun

325 1782 399 1805 altro
419 1782 555 1812 scrittore,
577 1783 640 1805 sino
661 1782 686 1805 al
706 1782 850 1808 Beruabei.
872 1789 905 1805 ne
925 1782 959 1805 ha
979 1782 1098 1805 lasciato
1119 1781 1139 1804 il
1153 1782 1203 1804 mi-

325 1825 403 1847 nimo
426 1830 524 1851 cenno,
550 1831 563 1846 e
583 1823 685 1847 d'altra
711 1826 788 1854 parte
808 1824 828 1847 il
849 1824 984 1847 Bernabei
1003 1824 1038 1847 ha
1058 1831 1105 1855 per
1127 1824 1205 1846 sonte

325 1867 407 1890 unica
427 1873 442 1889 a
456 1867 554 1896 questo
568 1866 701 1897 riguardo
716 1866 742 1889 lo
757 1867 844 1889 stesso
860 1865 943 1889 Bone.
980 1864 1095 1892 Quanto
1117 1872 1206 1888 venne

325 1910 464 1940 aggiunto
484 1910 720 1940 posteriormente
740 1907 753 1931 'e
773 1908 880 1932 dovuto
899 1908 957 1931 alla
972 1909 1104 1936 fantasia,
1120 1915 1177 1931 non
1192 1906 1205 1931 ὲ

325 1949 372 1982 gia
392 1951 466 1974 stato
486 1951 610 1974 raccolto
633 1951 709 1973 dalla
735 1950 901 1974 tradizione.
938 1951 973 1973 Di
996 1950 1156 1974 tradizione
1182 1951 1203 1973 si

326 1991 407 2024 parlo
427 1992 491 2015 solo
513 1994 540 2015 in
561 1993 647 2024 tempi
670 1993 884 2016 relativamente
898 1994 1012 2020 recenti,
1032 1993 1144 2023 quando
1159 2000 1207 2023 per

326 2035 352 2058 la
373 2035 461 2066 prima
482 2035 560 2058 volta
582 2035 611 2058 su
631 2035 696 2058 (lato
717 2036 742 2058 al
759 2035 872 2058 vecchio
892 2035 912 2058 il
934 2042 1015 2058 nome
1035 2035 1063 2058 di
1084 2034 1169 2058 Facio
1189 2043 1205 2057 o

326 2077 478 2100 Bonisacio
498 2078 543 2101 dci
564 2077 675 2100 Fazioli
697 2078 730 2100 (la
750 2077 883 2101 Evaristo
903 2077 976 2100 Masi
992 2077 1035 2099 nel
1051 2085 1100 2100 suo
1114 2078 1205 2100 Alma-

325 2119 458 2142 nacclzisla
472 2119 568 2142 Piceno
584 2119 628 2149 pel
646 2117 720 2150 1847,
734 2117 860 2142 cosicche
876 2119 895 2142 il
912 2119 981 2142 Masi
998 2121 1086 2142 stesso
1107 2119 1206 2142 scrisse

326 2159 373 2191 piu
389 2162 461 2183 tardi
482 2159 523 2192 (ll
545 2161 726 2189 Giurautento,
747 2160 860 2187 Loreto.
876 2163 927 2191 tip.
947 2161 1040 2188 Rossi,
1057 2160 1142 2191 1856),
1157 2160 1205 2184 che

327 2202 499 2225 l'archivista
520 2210 533 2225 e
560 2203 684 2225 crouista
709 2203 885 2226 anconitano
911 2202 1034 2226 Camillo
1061 2202 1206 2226 Albertini

326 2244 370 2275 (m.
391 2244 435 2267 nel
458 2244 523 2275 1824
543 2251 556 2267 a
578 2243 733 2268 ottantatre
752 2243 830 2275 anni)
851 2246 862 2256 *¹
876 2245 972 2268 diceva
986 2251 1092 2276 sempre
1112 2243 1206 2267 d'aver

327 2286 338 2298 ‘¹
352 2287 443 2309 inteso
463 2285 497 2308 da
518 2286 582 2309 altri
604 2286 782 2317 ottuagenari
803 2294 875 2310 esser
895 2288 967 2309 stata
987 2286 1144 2309 tradizione
1158 2286 1206 2309 che

329 2326 416 2358 “quel
438 2327 552 2350 vecchio
571 2335 584 2350 e
604 2328 680 2351 ciero
694 2330 823 2351 senatore
837 2328 983 2359 (descritto
1003 2328 1079 2351 dallo
1099 2329 1205 2351 storico

330 2370 341 2382 ‘¹
354 2369 614 2401 Buoncompagno)‚
635 2371 663 2393 di
685 2378 766 2393 nome
786 2371 870 2394 Facio
894 2379 910 2394 o
930 2371 1088 2397 Bonisacio.
1107 2378 1204 2402 appar-

330 2412 342 2424 “
354 2414 461 2435 teuesse
481 2412 536 2435 alla
553 2412 683 2443 samiglia
698 2413 818 2444 patrizia
832 2413 876 2436 dei
891 2413 998 2436 Fazioli
1010 2430 1032 2442 η,
1045 2419 1059 2436 e
1073 2413 1206 2444 aggiunse

327 2454 376 2477 che
396 2454 422 2477 la
437 2453 580 2485 diligenza
601 2462 613 2477 c
634 2455 659 2478 la
675 2453 863 2485 scrupolosita
882 2455 1104 2483 dell'Albertini,
1119 2455 1206 2478 difese

329 2494 373 2518 dal
395 2503 449 2518 non
471 2496 604 2526 degenere
617 2495 697 2527 figlio
716 2495 844 2523 Alberto.
863 2497 1042 2520 inducevano
1063 2504 1076 2520 a
1097 2497 1206 2520 credere

329 2538 479 2561 senz’altro
498 2537 746 2561 all'affermazione
766 2538 793 2561 di
815 2539 864 2569 lui,
886 2547 933 2570 per
953 2540 1058 2569 quanto
1077 2539 1132 2570 egli
1150 2546 1205 2562 uon

330 2584 363 2599 ne
382 2583 477 2600 avesse
506 2577 578 2600 fatto
605 2585 693 2601 cenno
723 2578 797 2602 nelle
817 2586 862 2601 sue
883 2579 1017 2602 Memorie
1039 2578 1110 2610 “per
1131 2586 1205 2602 man-

331 2618 439 2642 “canza
466 2619 494 2642 di
523 2620 684 2642 documenti
698 2635 721 2650 „.
759 2618 847 2647 Quasi
876 2622 1207 2652 contemporaneamente

329 2660 356 2683 al
377 2659 448 2683 Masi
467 2658 516 2683 uso
542 2660 562 2683 il
587 2667 724 2691 cognome
749 2661 859 2684 Fazioli
882 2661 901 2684 il
929 2664 1012 2692 poeta
1032 2662 1206 2685 anconitano

331 2701 471 2734 Giuseppe
500 2702 617 2725 Borioni
638 2710 686 2734 per
705 2710 742 2726 un
762 2703 951 2735 personaggio
980 2704 1054 2726 della
1083 2711 1130 2727 sua
1150 2704 1206 2726 tra-

329 2743 411 2774 gedia
431 2744 550 2767 Stamira
569 2744 743 2776 (pubbllcata
762 2745 806 2768 nel
829 2744 904 2776 1848,
929 2752 973 2768 ma
992 2747 1136 2777 composta
1161 2744 1206 2775 gia

331 2786 375 2809 nel
399 2784 484 2817 1842),
504 2786 578 2809 nella
597 2787 677 2817 quale
688 2787 709 2810 il
724 2787 840 2810 vecchio
855 2785 868 2810 ὲ
883 2789 1045 2819 presentato
1063 2795 1140 2811 come
1155 2795 1207 2811 avo

330 2828 496 2852 dell'eroina
515 2827 563 2859 (cf.
583 2828 799 2859 GIANGKACOMI,
814 2833 855 2859 op.
868 2830 921 2857 cit.,
935 2837 980 2862 pp.
996 2836 1074 2861 ²40²
1090 2838 1102 2853 e
1116 2836 1206 2862 39¹·2s

331 2870 417 2900 note).

416 2913 512 2936 Anche
533 2913 552 2937 il
574 2914 700 2938 discorso
721 2915 872 2939 attribuito
892 2915 925 2938 da
946 2915 1029 2938 Bone.
1043 2914 1070 2939 al
1092 2914 1207 2939 vecchio

1255 1736 1269 1762 ὲ
1289 1738 1465 1769 parafrasato
1479 1737 1524 1761 dal
1538 1736 1692 1765 SARACINI,
1705 1740 1746 1767 op.
1765 1738 1820 1766 cit.,
1841 1743 1886 1768 pp.
1909 1742 1992 1767 132-3„
2012 1737 2057 1760 dal
2079 1736 2138 1760 Gu-

1257 1786 1447 1810 cmsnmorrr,
1468 1783 1508 1809 op.
1528 1780 1582 1807 cit.,
1602 1780 1621 1807 I,
1642 1787 1686 1810 pp.
1706 1785 1792 1810 312-5,
1806 1786 1819 1802 e
1833 1779 1868 1802 da
1882 1779 1958 1802 altri.
1995 1777 2072 1802 Noto
2093 1776 2139 1810 gia

1260 1821 1280 1845 il
1302 1823 1408 1851 νοω-Γ,
1428 1826 1467 1852 op.
1488 1821 1520 1845 ed
1541 1821 1612 1844 ediz.
1631 1823 1690 1850 cit.,
1712 1829 1740 1853 p.
1767 1827 1824 1851 134,
1844 1829 1870 1844 n.
1894 1828 1915 1851 1,
1933 1821 1982 1844 che
2002 1828 2072 1849 esso,
2094 1821 2137 1845 sia

1262 1871 1327 1887 vero
1348 1865 1388 1888 sia
1408 1864 1519 1891 fittizio,
1541 1863 1682 1896 “dipinge
1696 1864 1767 1886 assai
1788 1863 1858 1886 bene
1872 1862 1992 1886 vindole
2012 1863 2055 1886 del
2070 1865 2139 1886 tem-

1261 1906 1273 1918 “
1285 1914 1329 1938 po.
1367 1906 1452 1930 Certo
1473 1906 1499 1929 la
1519 1907 1645 1937 sciagura
1664 1906 1768 1937 poteva
1789 1904 1944 1928 infiammar
1963 1906 2044 1928 tanto
2058 1903 2138 1928 l'ani-

1259 1950 1270 1961 “
1283 1956 1327 1971 mo
1340 1948 1428 1971 anche
1447 1948 1513 1971 d’un
1534 1948 1651 1971 vecchio
1671 1947 1700 1970 di
1720 1947 1865 1970 cent'anni
1886 1947 1920 1970 da
1937 1946 2009 1970 farlo
2030 1946 2139 1977 pariare

1259 1992 1272 2005 ⁰
1285 1992 1312 2013 in
1333 1990 1426 2021 quella
1447 1992 1571 2014 maniera
1583 2006 1606 2019 „-

1346 2033 1497 2056 Francesco
1517 2032 1630 2056 Podesti
1651 2033 1685 2056 ha
1706 2034 1919 2064 rapprcscntato
1941 2033 1969 2055 in
1984 2039 2020 2055 un
2035 2032 2140 2063 grande

1259 2075 1373 2105 quadro,
1393 2076 1478 2106 picno
1492 2075 1521 2098 di
1535 2075 1628 2106 figure,
1644 2074 1664 2097 il
1680 2074 1796 2097 vecclri⁰
1813 2075 1918 2097 mentre
1938 2074 2017 2105 paria
2035 2075 2061 2097 ai
2077 2075 2138 2097 suoi

1259 2117 1458 2146 concittadini,
1478 2117 1526 2140 che
1538 2117 1665 2140 teudone
1686 2117 1711 2139 le
1730 2117 1841 2140 braccia
1861 2116 1892 2139 ln
1907 2118 1966 2139 atto
1987 2117 2015 2140 di
2028 2116 2140 2147 giurare

1259 2159 1285 2182 la
1297 2161 1446 2182 resistenza
1460 2161 1588 2182 estrema.
1625 2158 1669 2182 Ad
1685 2166 1721 2181 un
1735 2158 1851 2181 solenne
1865 2159 2045 2189 giuramento
2056 2157 2139 2181 Bone.

1259 2209 1306 2234 per
1324 2201 1399 2224 altro
1420 2208 1476 2224 non
1498 2208 1619 2224 accenna
1641 2200 1746 2224 afl'atto.
1782 2200 1805 2223 11
1818 2200 1925 2231 quadro
1944 2197 1958 2223 ὲ
1971 2201 2140 2223 conservato

1259 2243 1334 2266 nella
1354 2243 1523 2266 Pinacoteca
1544 2242 1644 2266 Civica
1664 2243 1691 2266 di
1719 2242 1853 2271 Ancona3
1880 2249 1969 2264 venne
1994 2241 2139 2265 illustrato

1261 2285 1467 2317 nell’opuscolo
1487 2285 1531 2307 del
1551 2284 1741 2311 Monuni-11,
1772 2284 1812 2308 Un
1833 2284 1948 2314 episodio
1972 2283 2140 2307 dell’assedio

1260 2328 1395 2350 d'Ancona
1415 2328 1458 2349 nel
1476 2333 1549 2356 1174,
1570 2327 1698 2353 Ancona,
1718 2326 1782 2357 Tip.
1804 2326 1904 2349 Aureli
1923 2332 1937 2348 e
1957 2323 1996 2353 C.,
2014 2324 2079 2356 1856
2093 2324 2139 2356 (cf.

1259 2368 1478 2397 Gmuoncom,
1497 2373 1536 2399 opi
1557 2370 1609 2396 cit..
1630 2376 1656 2400 p.
1676 2367 1725 2400 363
1747 2375 1805 2399 sgg.
1827 2375 1841 2391 e
1860 2367 1931 2399 417).

1347 2410 1354 2425 ¹
1369 2409 1665 2437 Quest'atl‘ermazione
1678 2410 1858 2441 sull'origine
1871 2416 1986 2433 romana
2001 2409 2074 2440 degli
2085 2409 2141 2433 An-

1260 2454 1387 2477 conitani
1409 2452 1422 2476 ὲ
1444 2455 1473 2476 in
1495 2453 1637 2477 relazione
1655 2460 1708 2476 con
1723 2454 1828 2483 quanto
1842 2452 1876 2475 ha
1890 2450 1937 2483 gia
1957 2451 2035 2475 detto
2055 2452 2141 2476 Bone.

1260 2496 1297 2526 (p.
1320 2502 1358 2523 10,
1379 2495 1409 2518 ll.
1428 2495 1484 2525 3-6)
1504 2495 1576 2518 sulle
1596 2495 1702 2526 origini
1722 2502 1836 2518 romane
1859 2493 1932 2517 della
1952 2492 2021 2517 cittii
2041 2492 2087 2524 (cf.
2113 2494 2140 2516 la

1261 2539 1328 2560 nota
1349 2537 1488 2568 relativa).

1352 2577 1362 2593 ²
1388 2578 1431 2602 Un
1458 2587 1540 2610 passo
1565 2578 1662 2610 eguale
1687 2576 1701 2601 ὲ
1727 2577 1801 2601 nella
1828 2577 1973 2600 Rhetorica
1998 2577 2140 2601 novissima

1260 2621 1312 2650 (ed.
1333 2622 1388 2651 cit.,
1410 2629 1434 2652 p.
1457 2621 1531 2651 269):
1559 2621 1647 2644 “Non
1675 2619 1784 2643 surrexi
1810 2619 1842 2642 ad
1868 2620 2071 2650 apparentiam,
2096 2619 2140 2642 vel

1263 2662 1381 2686 “inanis
1400 2663 1491 2693 glorie
1514 2663 1624 2691 fastum,
1644 2662 1690 2685 sed
1710 2661 1854 2692 disposui.
1867 2677 1873 2685 .
1885 2677 1892 2684 .
1904 2679 1908 2683 .
1921 2670 1950 2690 »ς
1976 2668 1989 2684 e
2015 2661 2043 2683 in
2071 2661 2139 2684 Rhe-

1260 2705 1345 2727 torica
1372 2705 1479 2735 antiqua
1505 2705 1558 2736 (ed.
1583 2705 1640 2731 cit.,
1667 2711 1693 2734 p.
1722 2702 1799 2735 169):
1829 2702 1902 2735 “pro
1928 2702 2023 2726 inanis
2047 2701 2140 2733 glorie

1263 2748 1274 2758 '⁴
1288 2747 1362 2770 fastu
1374 2764 1394 2776 „.

1347 2786 1357 2802 ³
1378 2789 1415 2811 La
1436 2788 1586 2812 medesima
1600 2787 1775 2819 espressione
1791 2787 1803 2799 ‘⁴
1816 2788 1844 2810 in
1860 2793 1943 2810 manu
1958 2786 2054 2810 valida
2065 2805 2077 2818 n
2093 2786 2139 2810 ab-

1260 2831 1354 2854 biamo
1375 2832 1486 2854 trovata
1506 2828 1555 2862 piu
1574 2837 1665 2862 sopra,
1686 2838 1711 2861 p.
1734 2837 1773 2862 13,
1797 2830 1814 2853 l.
1836 2837 1865 2861 5:
1883 2829 1927 2853 del
1952 2831 2027 2853 resto
2049 2836 2105 2852 non
2125 2827 2140 2852 ὲ

1261 2872 1357 2896 affatto
1378 2880 1439 2895 rara
1460 2872 1504 2895 nei
1524 2872 1641 2896 cronisti
1663 2871 1833 2895 medioevali
1852 2878 1900 2902 per
1919 2871 2044 2894 indicare
2065 2870 2140 2894 sorze

1260 2914 1469 2938 considere-voli
1489 2914 1516 2937 di
1538 2916 1610 2938 terra
1630 2922 1646 2937 o
1666 2913 1696 2937 di
1716 2920 1798 2936 mare.

2159 760 2197 791 10

2162 1025 2198 1055 15

2167 1910 2198 1936 45

2168 2122 2201 2147 50

2169 2330 2199 2356 55

2167 2535 2201 2560 60
