2287 3466
310 1563 340 1580 10

308 1820 337 1844 15

306 2027 338 2045 20

306 2239 336 2264 ²5

305 2450 339 2474 30

307 2657 336 2683 35

306 2869 339 2893 40

2021 181 2072 217 [A.
2093 183 2186 216 1173]

374 178 422 212 20
1085 174 1189 210 ΒΟΝ
1192 174 1451 209 COMPAGN
1454 175 1469 209 Ι

370 307 568 349 quantulum
592 306 757 338 remotior
778 306 890 343 solito,
912 315 979 337 nec
1003 305 1223 347 permittebat
1247 305 1318 336 fieri
1342 306 1498 347 prelium,
1530 306 1676 338 credens
1708 306 1878 339 civitatem
1910 318 1972 349 per
2002 308 2127 340 famem
2152 313 2186 340 et

372 360 524 402 inopiam
548 368 744 401 expugnare
759 358 778 390 ¹.

458 411 468 428 ²
484 411 646 443 Preterea
662 412 728 443 hoc
745 411 963 444 memorabile
987 411 1117 443 factum
1133 422 1201 443 non
1217 417 1270 443 est
1285 411 1347 443 sub
1364 411 1502 442 silentio
1526 411 1798 453 relinquendum.
1843 412 2017 445 Presbiter
2032 424 2179 455 namque

370 465 550 500 Iohannes.
575 464 825 496 anchonitanus
849 465 1046 501 canonicus,
1071 465 1150 495 dum
1175 464 1322 506 quadam
1347 464 1402 496 die
1426 464 1564 495 sederet
1586 464 1682 495 iuxta
1698 475 1801 501 mare,
1825 465 1989 508 cogitavit
2011 467 2047 497 in
2070 467 2185 497 animo

368 517 396 549 si
420 517 549 559 aliquid
573 517 618 548 ad
643 516 790 548 civitatis
814 516 978 548 honorem
1003 523 1036 548 et
1058 517 1271 549 inimicorum
1302 517 1555 548 incommodum
1585 517 1701 548 facere
1733 523 1856 558 posset.
1903 518 1986 550 Erat
2016 519 2107 549 enim
2135 518 2188 549 vir

370 580 545 607 nervosus,
569 569 668 601 fortis
691 576 724 601 et
746 571 871 601 audax.
917 569 1075 602 Accessit
1099 571 1257 612 equidem
1281 570 1323 600 ad
1340 577 1486 610 portum,
1512 575 1545 600 et
1569 569 1701 601 sublata
1725 570 1864 601 camisia
1886 570 1922 602 in
1938 571 2018 602 solis
2034 571 2184 602 femora-

371 622 458 654 libus
481 623 651 654 remansit.
697 623 784 653 Tum
810 623 977 665 siquidem
1009 629 1075 654 tam
1101 622 1193 654 cives
1224 632 1325 664 quam
1359 622 1482 653 Veneti
1506 628 1673 663 ceperunt
1697 622 1878 663 plurimum
1901 624 2082 661 ammirari,
2107 623 2187 665 quia

367 686 436 707 non
466 682 539 707 erat
568 682 702 716 tempus
733 675 915 707 balneandi
928 675 950 714 ³,
983 682 1015 706 et
1047 676 1226 717 presertim
1251 686 1327 706 cum
1361 681 1450 706 esset
1480 681 1601 706 ventus
1632 675 1789 706 validus·
1819 676 1855 707 in
1886 683 1997 717 portu.
2044 676 2186 708 Intravit

371 728 540 770 siquidem
571 734 714 770 repente
744 739 849 765 mare,
873 729 1085 770 veniensque
1109 728 1260 760 natando
1291 739 1366 759 cum
1391 728 1539 770 quadam
1564 727 1710 769 bipenne
1735 728 1770 758 in
1793 739 1907 767 manu,
1932 729 2023 770 cepit
2050 729 2184 760 abscin-

371 782 453 813 dere
478 782 659 812 maximum
690 792 868 822 canapum,
900 781 956 824 qui
980 792 1022 812 ex
1051 792 1117 812 una
1147 787 1245 822 parte
1277 781 1401 823 ligatus
1425 786 1497 812 erat
1521 781 1554 811 in
1578 791 1681 822 prora
1710 781 1805 812 navis
1836 781 1985 813 Romani
2012 780 2183 821 Marani⁵,

370 840 403 866 et
427 845 469 866 ex
493 835 599 866 altera
623 834 656 864 in
680 834 831 866 anchora
848 844 950 876 quam
976 839 1079 865 naute
1102 835 1264 865 miserant
1288 835 1322 864 in
1344 839 1457 875 portu.
1504 833 1558 865 Illi
1583 839 1696 865 autem
1721 833 1781 876 qui
1805 840 1902 866 erant
1917 834 1950 865 in
1968 835 2057 871 navi,
2076 834 2183 875 respi-

370 887 497 919 cientes
528 886 611 928 quid
640 887 810 928 presbiter
840 886 1005 924 faciebat,
1036 892 1202 928 ceperunt
1234 897 1310 918 eum
1342 887 1505 928 sagittare
1538 896 1614 917 cum
1646 885 1793 917 arcubus
1823 892 1856 918 et
1886 886 2026 924 balistis,
2058 893 2092 919 et
2123 887 2180 918 alii

368 948 488 972 contra
511 951 588 971 eum
613 940 816 977 clamabant,
839 940 1024 971 immensos
1047 939 1181 981 lapides
1205 939 1418 981 proiciendo.
1465 939 1527 970 Ille
1557 949 1638 970 vero
1662 938 1706 970 ad
1730 939 1901 982 mergonis
1925 941 2064 972 modum
2077 939 2100 978 ⁶,
2125 940 2184 982 qui

367 993 532 1025 restrictis
555 993 618 1024 alis
641 992 815 1034 profunda
833 992 947 1035 pelagi
963 992 1060 1034 petit,
1077 1003 1113 1024 se
1129 1002 1277 1034 propere
1293 992 1534 1036 submergebat
1549 993 1583 1023 in
1600 1002 1734 1034 aquam,
1751 998 1785 1023 et
1800 992 1888 1024 sicut
1904 992 2049 1024 delfinus
2065 999 2184 1034 postea

365 1045 605 1087 comparebat;
631 1047 750 1088 sicque
775 1046 976 1077 successivis
1000 1045 1125 1078 ictibus
1148 1045 1258 1087 ipsum
1292 1045 1438 1077 abscidit
1450 1044 1473 1084 ⁷,
1496 1045 1588 1076 unde
1612 1045 1746 1088 singule
1770 1045 1872 1076 sartie
1903 1038 2127 1083 defecerunt3
2151 1051 2185 1077 et

456 1183 476 1200 1.
491 1176 657 1208 permitebat
672 1177 695 1200 C
707 1189 717 1194 -
731 1176 851 1208 prelium
864 1173 1013 1208 [proelium
1034 1174 1079 1207 M]
1099 1175 1158 1199 fieri
1179 1176 1201 1198 C
1219 1176 1253 1198 ed
1270 1176 1307 1198 M
1322 1188 1352 1192 ——
1374 1181 1397 1199 2.
1411 1176 1487 1205 Dopo
1501 1183 1661 1206 expugnare
1679 1183 1761 1206 segne
1779 1175 1806 1198 in
1827 1175 1861 1199 C:
1881 1175 2025 1199 cuiusdam
2045 1182 2183 1199 commen-

368 1219 446 1243 datio
466 1218 618 1242 sacerdotis
636 1217 660 1250 [ε
679 1217 729 1242 cosi
749 1219 775 1241 ιἰι
795 1219 834 1245 M,
853 1219 911 1241 ov'&
926 1221 1060 1247 premesso
1080 1216 1148 1248 Cap.
1167 1217 1214 1245 IV,
1233 1226 1279 1241 con
1299 1219 1326 1241 Iu
1342 1219 1437 1250 grafia
1458 1215 1613 1249 cujusdam]
1634 1230 1664 1234 -—
1684 1224 1707 1248 3.
1728 1217 1837 1240 Interea
1856 1218 1893 1240 M
1911 1230 1919 1234 -
1946 1217 2091 1249 Presbyter
2117 1219 2152 1241 M
2172 1230 2183 1235 —

368 1268 478 1292 nanque
502 1261 527 1284 V
541 1275 572 1277 —
592 1268 615 1291 4.
630 1260 771 1292 Johannes
790 1260 834 1290 M3
858 1260 978 1283 Ioannes
1003 1260 1026 1283 G
1046 1272 1055 1277 -
1077 1261 1155 1283 iuxta
1176 1267 1249 1282 mare
1269 1260 1373 1283 sederet
1395 1260 1417 1283 C
1435 1261 1468 1283 ed
1486 1260 1518 1283 M
1536 1273 1567 1276 —
1588 1267 1611 1291 5.
1630 1259 1812 1283 incomodum
1842 1259 1867 1281 V
1881 1268 1894 1283 e
1915 1260 1937 1283 C
1954 1272 1962 1277 -
1985 1260 2087 1283 faceret
2106 1261 2133 1283 P
2148 1273 2180 1277 —

366 1303 390 1327 6.
412 1310 550 1327 nervovus
570 1303 597 1326 P
613 1315 624 1320 -
643 1304 670 1326 et
689 1311 736 1326 om.
758 1304 780 1326 C
799 1302 832 1325 ed
849 1303 883 1325 M
907 1315 914 1319 -
941 1302 1052 1332 quidem
1075 1303 1096 1326 C
1115 1302 1148 1325 ed
1165 1302 1202 1325 M
1217 1315 1248 1318 —
1268 1301 1321 1332 6-7.
1342 1302 1493 1325 semoribus
1519 1301 1549 1329 V;
1573 1301 1786 1325 femorabilibus
1807 1302 1830 1326 C
1848 1315 1877 1318 ——
1900 1307 1923 1331 7.
1942 1304 2008 1325 tunc
2031 1303 2052 1325 C
2073 1302 2106 1325 ed
2122 1301 2182 1324 M-

367 1346 517 1377 coeperunt
537 1345 578 1373 M,
597 1353 610 1367 e
624 1345 673 1374 poi
691 1345 716 1367 in
737 1345 815 1375 luogo
834 1344 864 1367 di
882 1343 1034 1375 plurimum
1054 1345 1086 1366 ha
1106 1343 1299 1374 Presbyterum
1320 1356 1328 1360 -
1350 1343 1483 1367 admirari
1508 1342 1535 1372 Is,
1556 1344 1579 1367 C
1591 1344 1624 1366 ed
1635 1344 1665 1366 A)
1681 1357 1711 1360 —
1726 1343 1749 1366 8.
1764 1344 1926 1374 praesertim
1942 1344 2018 1366 M—
2033 1350 2056 1374 9.
2070 1343 2181 1374 quidem

370 1386 393 1410 C
410 1388 442 1411 erl
459 1387 496 1410 M
510 1399 518 1404 —
539 1386 637 1418 bipede
659 1387 681 1411 C
699 1387 731 1410 ed
750 1387 785 1409 M
800 1398 810 1403 —
830 1387 923 1417 coepit
944 1387 980 1409 M
994 1398 1026 1402 —
1045 1392 1116 1415 9-10.
1137 1385 1278 1409 abscidere
1297 1386 1334 1413 P;
1360 1385 1488 1408 absidere
1513 1385 1546 1414 V;
1573 1386 1696 1409 ascidere
1717 1386 1739 1409 C
1757 1398 1788 1401 —
1813 1391 1851 1408 10.
1872 1392 2015 1416 canepum,
2036 1386 2109 1416 quod
2122 1401 2180 1409 ...-

367 1429 486 1460 ligatum
512 1428 536 1451 V
550 1442 579 1446 ·—
602 1435 641 1451 11.
662 1435 764 1451 ancora
785 1429 807 1452 C
825 1440 834 1445 —
855 1429 955 1451 nautae
976 1428 1012 1451 M
1027 1440 1036 1444 -
1057 1429 1169 1458 portum
1194 1426 1219 1449 V
1234 1440 1265 1444 —
1289 1434 1326 1450 12.
1346 1427 1494 1459 Presbyter
1514 1428 1550 1450 M
1566 1440 1573 1444 -
1594 1429 1745 1458 coeperunt
1764 1428 1801 1450 M
1816 1440 1825 1444 -
1850 1434 1912 1450 eum
1937 1435 1983 1450 om.
2011 1427 2034 1451 C
2058 1428 2091 1450 m·
2115 1428 2152 1451 M
2171 1440 2182 1446 -

366 1472 488 1503 sagitare
509 1472 531 1495 C
550 1484 557 1488 -
577 1470 714 1494 archubus
735 1470 757 1493 C
774 1483 784 1488 -
803 1470 890 1493 baleis
912 1471 946 1498 P;
965 1469 1093 1493 balistris
1118 1469 1150 1500 V;
1169 1469 1285 1492 balestis
1305 1470 1328 1494 C
1345 1482 1354 1488 ·
1374 1471 1400 1493 et
1420 1468 1482 1500 alii]
1502 1471 1529 1492 et
1549 1478 1596 1492 om.
1618 1470 1685 1494 Ceti
1698 1470 1774 1492 ΙΙΙ-
1796 1476 1835 1500 ¹3·
1851 1469 2028 1501 projiciendo
2042 1470 2096 1492 M-
2111 1476 2182 1493 mor-

367 1515 450 1545 gonis
475 1513 500 1536 V
514 1526 522 1530 -
543 1512 576 1537 ad
596 1512 709 1536 modum
730 1513 872 1544 mergonis
894 1512 917 1536 C
935 1513 967 1535 ed
986 1513 1021 1535 M
1038 1525 1068 1529 —
1091 1519 1129 1542 14.
1149 1511 1255 1542 pellagi
1276 1512 1298 1536 C
1314 1524 1321 1528 -
1341 1519 1369 1535 se
1388 1520 1434 1535 om.
1451 1513 1494 1537 C·
1508 1518 1626 1542 propere
1640 1518 1667 1534 se
1681 1512 1736 1535 M-
1750 1511 1908 1543 delphynus
1923 1512 1958 1542 C;
1972 1511 2136 1544 Delphynus
2149 1512 2187 1535 lis

368 1568 400 1574 —
422 1561 461 1587 15.
481 1555 631 1579 succesivis
652 1554 675 1578 C
691 1567 700 1572 -
720 1554 862 1578 abscindit
883 1555 906 1578 C
923 1555 957 1577 ed
973 1555 1007 1578 M
1025 1567 1033 1571 -
1053 1554 1164 1585 singule
1183 1554 1291 1577 sarcine
1313 1554 1346 1582 C;
1367 1554 1495 1585 singulae
1514 1554 1639 1577 sarcinae
1659 1554 1693 1576 M

454 1643 460 1659 ¹
482 1644 566 1676 Dopo
593 1650 658 1667 aver
683 1644 847 1666 raecontato
873 1641 1022 1673 l'episodio
1042 1641 1071 1665 di
1093 1641 1214 1666 Stamira
1233 1649 1246 1665 e

365 1687 631 1710 l'allontanamento
652 1685 696 1709 del
722 1692 820 1716 campo
847 1685 957 1708 nemico
983 1684 1056 1707 dalle
1077 1690 1154 1707 mura
1174 1684 1247 1707 della

366 1727 445 1759 cltta,
468 1728 488 1751 il
507 1728 633 1752 Saracini
653 1726 705 1758 (op.
726 1728 780 1757 cit„
799 1735 824 1758 p.
849 1727 908 1758 129)
923 1727 985 1750 dice
999 1734 1075 1749 come
1097 1726 1177 1749 molti
1194 1726 1248 1749 sol-

366 1771 426 1795 dati
447 1770 632 1795 dell’esercito
658 1770 688 1793 di
713 1768 870 1799 Cr1stiano‚
898 1769 1036 1792 credendo
1062 1769 1193 1800 prossimi
1222 1769 1247 1792 la

366 1820 425 1837 resa
445 1813 473 1836 di
495 1814 614 1836 Ancona
628 1819 641 1835 e
655 1811 677 1835 ll
692 1811 857 1842 saccheggio
872 1811 921 1834 che
936 1818 970 1834 ne
984 1811 1096 1834 sarebbe
1110 1811 1249 1838 derivato,

365 1857 390 1880 si
416 1858 578 1887 portarono,
606 1856 778 1879 uonostante
803 1855 823 1878 il
851 1853 961 1878 divieto
987 1853 1030 1877 del
1058 1853 1245 1881 Cancefflere,

366 1905 445 1922 verso
466 1898 486 1922 il
508 1898 567 1922 lido
586 1897 729 1921 chiamato
754 1894 801 1928 gia
827 1896 903 1927 dagli
931 1896 1108 1920 Anconitani
1138 1896 1150 1908 ‘⁴
1163 1898 1249 1927 ponte

368 1938 433 1973 ‘¹[:.-
447 1941 529 1972 porto
540 1937 559 1972 ?]
589 1939 788 1968 Conocchia„.
815 1945 868 1962 ove
895 1939 901 1961 i
929 1937 1081 1961 Veneziani
1107 1938 1247 1961 tenevano

364 1982 449 2006 molte
469 1982 612 2006 barchette
632 1989 680 2014 per
700 1981 721 2004 il
741 1981 886 2012 traghetto
907 1988 920 2003 e
940 1980 961 2004 il
982 1980 1152 2004 commercio
1165 1981 1209 2004 tra
1223 1979 1248 2003 le

365 2024 473 2048 milizie
491 2024 645 2048 assedianti
666 2023 694 2046 di
716 2024 788 2046 terra
808 2030 822 2045 e
841 2022 933 2053 quelle
953 2022 981 2046 di
1002 2029 1086 2045 mare.
1124 2020 1169 2044 Ma
1190 2028 1247 2044 non

366 2067 422 2090 cita
442 2066 467 2090 la
488 2074 536 2090 sua
558 2066 644 2089 fonte.

451 2106 461 2123 ²
480 2108 509 2131 P.
529 2114 570 2136 20,
589 2108 607 2130 1.
627 2114 682 2139 3-p.
704 2113 743 2131 21.
771 2107 788 2130 1.
814 2106 846 2130 8:
873 2105 1012 2137 Episodio
1037 2105 1081 2129 del
1108 2105 1247 2129 canonico

363 2151 540 2174 anconitano
560 2148 716 2177 Giovanni‚
738 2149 758 2171 il
778 2148 867 2179 quale,
888 2148 1010 2171 sedendo
1031 2146 1103 2170 sulla
1123 2147 1184 2170 riva
1204 2146 1247 2170 del

365 2194 457 2224 porto,
478 2193 507 2215 in
527 2199 564 2215 un
584 2191 686 2223 giorno
706 2191 733 2214 di
759 2191 899 2220 burrasca,
925 2190 949 2214 si
975 2189 1053 2221 getto
1080 2198 1094 2213 a
1120 2190 1209 2212 nuoto
1234 2196 1248 2212 e

365 2234 451 2258 rlusci
471 2241 487 2257 a
505 2234 625 2264 tagliare
644 2240 697 2256 con
718 2240 772 2256 una
793 2239 871 2256 scure
891 2233 918 2255 la
938 2238 1055 2263 gomena
1075 2228 1249 2255 dell’ancora

365 2277 495 2307 prodiera
518 2276 592 2299 della
616 2275 721 2306 grande
747 2282 816 2298 nave
841 2275 993 2298 veneziana
1026 2275 1103 2297 Totus
1124 2273 1247 2302 Mundus,

365 2318 509 2341 mettendo
528 2319 626 2348 questa
646 2318 674 2340 in
693 2323 779 2349 grave
799 2316 925 2348 pericolo
940 2316 1004 2339 sino
1026 2322 1041 2339 a
1060 2315 1110 2338 che
1126 2314 1146 2338 il
1162 2316 1247 2338 vento

366 2368 421 2383 non
442 2361 466 2383 si
488 2360 515 2383 su
534 2360 664 2389 calmato,
686 2367 698 2381 e
714 2358 854 2382 tornando
869 2359 914 2389 poi
931 2365 1000 2381 sano
1015 2365 1028 2381 e
1042 2357 1122 2381 salvo
1136 2364 1150 2380 a
1165 2358 1247 2385 terra,

364 2400 491 2426 cosicche
507 2403 513 2425 i
529 2403 590 2425 suoi
605 2400 803 2430 concittadlni,
816 2400 929 2424 eecitati
944 2399 1147 2431 dalI'esempio,
1161 2401 1246 2422 attac-

365 2451 469 2467 carono
488 2445 498 2467 i
518 2443 670 2467 Veneziani
690 2451 703 2465 e
724 2443 883 2474 respinsero
904 2442 980 2465 fuori
1002 2441 1078 2465 dalla
1099 2442 1177 2472 parte
1197 2438 1247 2471 piu

365 2487 458 2509 sieura
477 2485 522 2509 del
542 2487 625 2517 porto
645 2486 714 2507 sette
732 2484 834 2515 galere‚
853 2484 903 2507 che
925 2484 1028 2507 surono
1043 2483 1153 2506 buttate
1173 2481 1247 2505 dalle

366 2529 438 2551 onde
457 2535 472 2551 a
494 2527 631 2557 srangersi
651 2526 725 2557 sugll
745 2525 844 2557 scogli.

452 2569 540 2594 Come
561 2569 713 2600 l’episodio
735 2568 764 2591 di
784 2567 917 2597 Stamim,
935 2565 994 2590 cosl
1020 2566 1117 2597 quello
1132 2566 1175 2589 del
1203 2573 1246 2589 ca-

367 2612 472 2635 nonico
492 2610 637 2635 Giovanni
658 2609 671 2634 ὲ
693 2611 824 2642 ignorato
843 2610 917 2633 dalle
936 2609 1075 2633 eronache
1095 2609 1139 2632 dei
1161 2608 1247 2631 secoli

365 2653 513 2678 XIII-XIV.
551 2654 591 2676 Ne
610 2653 727 2685 parlano
748 2650 797 2683 piis
816 2652 889 2675 tardi
910 2652 951 2683 gli
978 2651 1137 2681 storiografi
1165 2658 1245 2673 aneo—

366 2696 468 2724 nitani,
488 2703 503 2719 a
522 2695 693 2719 cominciare
714 2695 757 2717 dal
780 2694 930 2723 Bernabei;
945 2694 1036 2724 primo
1048 2694 1091 2716 tra
1106 2693 1159 2715 essi
1175 2691 1245 2715 l’Al-

368 2738 410 2761 seo
430 2738 537 2761 chiama
556 2737 577 2760 il
597 2738 736 2760 canonico
756 2736 811 2758 don
833 2735 977 2759 Giovanni
993 2735 1020 2758 di
1037 2734 1171 2761 Chiodio,
1185 2732 1246 2757 cioe

365 2779 445 2810 figlio
465 2779 494 2802 di
514 2777 639 2802 Chiodio
659 2787 674 2802 o
700 2777 833 2801 Claudio.
869 2777 892 2801 Il
919 2784 1001 2800 nome
1027 2777 1057 2800 di
1083 2776 1208 2800 Chiodio
1229 2783 1245 2798 ο

366 2821 489 2845 Claudio
509 2828 564 2844 non
586 2821 692 2843 doveva
713 2827 800 2843 essere
826 2826 889 2842 raro
915 2819 943 2842 in
970 2818 1098 2845 Ancona,
1125 2817 1196 2840 dove
1215 2818 1245 2840 in

365 2871 452 2887 onore
471 2863 514 2886 del
536 2865 617 2886 santo
638 2862 784 2886 omonimo
804 2869 849 2884 era
869 2863 942 2884 stata
962 2860 1089 2884 edificata
1104 2860 1131 2883 la
1146 2859 1246 2887 chiesa,

366 2906 430 2935 oggi
451 2906 527 2928 detta
547 2905 577 2928 dl
595 2904 650 2928 San
671 2903 826 2933 Giovanni,
849 2903 874 2926 al
894 2903 1012 2926 termine
1033 2901 1170 2925 orientale
1191 2901 1246 2924 del-

366 2948 490 2971 l'attuale
509 2955 588 2971 corso
608 2947 738 2970 Vittorio
758 2946 909 2969 Emanueie
928 2945 960 2974 ΙΙ,
976 2953 1018 2968 nia
1034 2946 1061 2968 in
1077 2945 1147 2976 ogni
1163 2945 1245 2967 modo

1301 1642 1328 1665 la
1347 1640 1489 1673 paternit&
1508 1642 1660 1665 attribuIta
1674 1641 1719 1665 dal
1733 1641 1814 1664 tardo
1829 1641 1916 1665 Alseo
1930 1641 1956 1665 al
1971 1642 2110 1665 canonico
2124 1649 2181 1666 non

1300 1684 1335 1707 lia
1356 1683 1550 1708 fondamento.
1586 1683 1609 1707 Il
1629 1682 1759 1707 Saracini
1784 1683 1836 1714 (op.
1863 1684 1915 1712 cit..
1943 1690 1969 1715 p.
1999 1682 2057 1715 130)
2084 1685 2183 1708 scrisse

1300 1728 1346 1759 poi
1367 1727 1540 1750 addirittura
1558 1725 1730 1750 “Giovannl
1749 1725 1777 1749 di
1799 1725 1872 1750 Chio
1884 1743 1907 1756 η,
1934 1726 2075 1750 causando
2102 1727 2183 1750 invo-

1300 1769 1520 1792 lontariamente
1539 1768 1697 1799 l’equivoco
1718 1770 1746 1792 in
1772 1768 1816 1792 cui
1842 1768 1962 1792 caddero
1988 1769 2062 1791 tanti
2082 1769 2181 1792 storici

1301 1813 1461 1843 posteriori,
1483 1811 1532 1834 che
1551 1810 1579 1834 lo
1599 1811 1753 1834 credettero
1774 1812 1872 1834 nativo
1893 1818 1908 1833 o
1928 1810 2040 1833 almeno
2060 1810 2183 1834 oriundo

1300 1853 1442 1878 dell'lsola
1468 1853 1497 1876 di
1517 1852 1590 1876 Chio
1611 1860 1627 1876 o
1647 1852 1713 1876 Sclo
1739 1851 1785 1882 (cs.
1811 1852 1898 1876 anche
1923 1852 1943 1875 il
1971 1851 2182 1876 cumam-1111

1302 1897 1369 1919 nota
1389 1895 1416 1919 al
1437 1895 1597 1921 Remulum,
1617 1894 1673 1924 cit.,
1695 1901 1721 1924 p.
1743 1892 1795 1924 40).

1386 1935 1397 1952 3
1416 1936 1476 1961 Con
1489 1936 1672 1968 quest’inciso
1685 1936 1770 1959 Bone.
1783 1933 1818 1959 da
1829 1943 1865 1959 un
1880 1936 1997 1966 indizio,
2013 1943 2060 1967 per
2074 1936 2182 1966 quanto

1301 1980 1373 2004 assai
1393 1987 1474 2010 vago,
1494 1979 1538 2003 del
1559 1981 1653 2010 tempo
1681 1980 1709 2002 in
1737 1980 1779 2002 cui
1807 1986 1934 2002 avvenne
1961 1978 2111 2010 l'episodio
2137 1977 2182 2001 del

1300 2022 1451 2045 canonico:
1471 2021 1584 2052 quando
1605 2028 1662 2045 non
1684 2028 1730 2045 era
1749 2023 1844 2051 tempo
1859 2020 1885 2043 di
1900 2020 1996 2051 bagni,
2009 2028 2023 2044 e
2037 2018 2107 2050 cide,
2122 2021 2183 2051 poi-

1299 2063 1348 2088 ch'e
1367 2063 1500 2087 l'asscdio
1520 2062 1662 2087 comincio
1683 2063 1712 2086 in
1734 2063 1892 2094 primavera
1911 2070 1927 2086 e
1944 2060 2067 2086 termino
2088 2061 2117 2085 in
2133 2069 2183 2085 au-

1300 2106 1400 2134 tunno.
1421 2106 1447 2128 in
1470 2111 1525 2128 una
1546 2104 1574 2127 di
1595 2106 1689 2135 queste
1715 2104 1767 2127 due
1792 2103 1928 2134 stagioni.
1964 2102 2114 2134 Propendo
2134 2109 2183 2134 per

1300 2147 1456 2175 l'autunno,
1477 2153 1535 2170 non
1555 2148 1636 2170 tanto
1662 2153 1710 2178 per
1737 2146 1756 2169 il
1779 2146 1901 2169 “ventus
1928 2145 2041 2168 validus
2053 2163 2076 2176 η,
2101 2144 2150 2168 che
2168 2142 2183 2168 “e

1297 2190 1433 2220 possibile
1454 2191 1482 2213 in
1504 2189 1572 2221 ogni
1593 2190 1734 2220 stagione.
1761 2190 1868 2219 quanto
1895 2186 1994 2219 perch'e
2016 2186 2030 2211 ὲ
2050 2186 2098 2218 piis
2118 2194 2182 2218 pro-

1298 2232 1391 2255 babile
1410 2232 1459 2255 Che
1478 2231 1559 2254 l'atto
1574 2232 1677 2254 audace
1693 2232 1733 2254 sia
1749 2232 1823 2254 stato
1837 2230 2012 2261 conslgliato
2027 2229 2102 2253 dalle
2115 2236 2181 2252 con—

1301 2274 1407 2297 dizioni
1427 2273 1551 2297 terribili
1571 2274 1601 2296 in
1621 2273 1666 2296 cui
1685 2274 1708 2296 si
1729 2274 1849 2296 trovava
1869 2272 1896 2295 la
1916 2270 1985 2295 cittta
2005 2278 2053 2303 per
2072 2271 2099 2295 la
2110 2277 2183 2294 care-

1299 2315 1354 2338 stia
1374 2315 1447 2345 dopo
1468 2314 1598 2346 parecclii
1618 2314 1684 2337 mesi
1705 2313 1853 2337 d’assedio.

1387 2355 1395 2370 ⁴
1409 2354 1516 2383 Questo
1533 2355 1545 2368 “
1558 2357 1657 2378 ventus
1673 2355 1783 2378 validus
1794 2373 1807 2386 n
1823 2353 1837 2378 ὲ
1852 2353 1910 2378 cosi
1926 2355 2112 2385 interpretato
2134 2352 2181 2376 dal

1298 2397 1534 2424 Guomsmorn.
1553 2401 1594 2427 op.
1613 2398 1666 2425 cal,
1684 2396 1704 2426 1,
1726 2405 1751 2428 p.
1771 2402 1836 2428 307:
1854 2396 1971 2427 “quella
1987 2395 2061 2419 furia
2076 2395 2104 2418 di
2125 2397 2180 2418 tra-

1302 2441 1313 2452 “
1326 2441 1424 2466 versia,
1439 2441 1505 2463 choi
1520 2439 1652 2463 marlnari
1665 2440 1814 2462 d'Ancona
1826 2438 1975 2461 cliiaiuano
1986 2437 2146 2461 Levantara
2158 2453 2181 2468 η.

1387 2481 1396 2497 ⁵
1416 2482 1460 2506 Cf.
1481 2490 1506 2505 n.
1526 2490 1540 2514 3
1560 2489 1576 2505 a
1595 2489 1641 2514 pp.
1664 2487 1749 2511 14-15.

1384 2523 1394 2539 ⁶
1413 2525 1495 2548 Nella
1517 2525 1624 2548 Rhetor.
1645 2524 1740 2547 noviss.
1761 2522 1815 2552 (ed.
1835 2524 1894 2551 cit„
1912 2530 1939 2554 p.
1959 2520 2035 2551 282);
2051 2521 2082 2545 “.
2095 2538 2118 2545 ..
2131 2522 2180 2545 sub

1300 2566 1313 2578 ¹‘
1326 2574 1397 2597 aqua
1412 2569 1541 2590 natantes
1562 2566 1590 2589 in
1612 2572 1755 2597 mergor-ies
1774 2563 1852 2596 [....
1873 2561 2098 2596 transumuntur]
2113 2580 2134 2594 ,,.

1385 2607 1394 2623 '⁷
1416 2599 1436 2631 Ϊῖ
1458 2611 1554 2632 strano
1574 2608 1623 2631 che
1643 2607 1662 2630 il
1681 2606 1825 2630 Sismondi
1847 2606 1949 2636 (storia
1969 2607 2038 2629 delle
2063 2606 2180 2635 repubbl.

1298 2652 1356 2675 ital.
1376 2659 1439 2680 ecc„
1464 2651 1536 2674 trad.
1563 2650 1609 2673 dal
1637 2650 1736 2677 stane..
1756 2649 1788 2676 ΙΙ,
1809 2647 1965 2680 Capolago,
1985 2647 2048 2679 Tip.
2069 2655 2083 2671 e
2103 2647 2179 2671 Libr.

1298 2693 1436 2723 Elvetiea‚
1462 2691 1534 2724 1844,
1554 2700 1579 2724 p.
1603 2691 1652 2723 16),
1672 2699 1723 2722 pur
1737 2691 1852 2714 citando
1869 2690 1964 2720 Bone„
1978 2690 2144 2714 attribuisca
2159 2689 2179 2712 il

1298 2735 1388 2767 taglio
1407 2734 1481 2758 della
1500 2741 1627 2765 gomena.
1647 2733 1744 2756 invece
1764 2732 1813 2756 che
1832 2732 1857 2755 al
1872 2732 2009 2755 canonico
2024 2730 2181 2761 Giovanni,

1298 2778 1332 2801 ad
1353 2777 1447 2800 alcuni
1467 2776 1639 2808 palombari:
1659 2783 1672 2799 e
1692 2778 1789 2798 stu-ano
1816 2780 1899 2805 parve
1919 2774 2006 2797 anche
2025 2773 2051 2797 al
2077 2773 2177 2803 Vmor,

1298 2823 1338 2849 op.
1358 2819 1391 2842 ed
1412 2819 1479 2842 ediz.
1500 2819 1557 2847 citi,
1578 2825 1602 2848 p.
1626 2824 1682 2848 132,
1704 2825 1730 2840 n.
1754 2823 1775 2840 1.

1385 2859 1407 2882 Il
1427 2858 1555 2882 Saracini
1568 2856 1619 2890 (op.
1638 2858 1690 2883 cit..
1710 2864 1735 2889 p.
1759 2854 1819 2887 131)
1838 2863 1851 2879 e
1873 2857 1892 2879 il
1908 2855 2108 2887 Guglielmotti
2122 2853 2174 2885 (op.

1298 2910 1311 2924 c
1332 2901 1389 2924 vol.
1408 2901 1466 2926 cit..
1486 2907 1531 2932 pp.
1552 2898 1643 2931 307-9)
1663 2900 1791 2922 aiterano
1811 2898 2055 2921 arbitrariamente
2079 2897 2098 2920 il
2120 2903 2176 2919 rac-

1298 2944 1383 2966 couto
1403 2942 1431 2965 di
1452 2942 1546 2970 Bonc.,
1565 2941 1684 2964 dicendo
1705 2941 1752 2964 che
1774 2940 1794 2963 il
1814 2941 1952 2963 canonico
1972 2947 2028 2963 non
2055 2935 2142 2962 riusci
2161 2945 2177 2962 a

2211 782 2249 812 10

2211 1045 2248 1077 15

2210 1733 2242 1759 45

2211 1941 2245 1966 50

2211 2153 2242 2178 55

2209 2353 2243 2377 60

2207 2775 2240 2801 70
