2287 3466
128 572 152 595 P,
175 573 212 590 118
222 578 234 590 v

254 1303 285 1319 10

253 1727 286 1744 20

257 2149 289 2173 30

258 2355 288 2379 35

260 2568 294 2590 40

262 2774 291 2798 ·lS

1029 166 1414 202 BONCOMPAGNI

1972 168 2026 207 [A.
2044 169 2135 202 1173]

309 313 415 334 naves
439 302 647 344 quandoque
673 300 904 341 dampnificat,
929 299 994 330 nisi
1018 298 1148 330 suerint
1171 297 1356 330 studiosius
1379 297 1577 328 anchorate.
1624 295 1732 327 Porro
1756 306 1832 327 cum
1858 294 1936 327 olim
1967 295 2135 326 Ravenna

309 356 397 386 inter
420 355 575 387 civitates
599 352 697 384 Italie
722 352 869 388 floreret,
893 362 1026 382 versum
1059 358 1109 382 est
1139 350 1265 392 ubique
1298 350 1332 381 in
1363 349 1525 392 generale
1556 347 1788 390 proverbium,
1820 348 1912 390 quod
1943 347 1969 378 si
2000 353 2135 389 portum

308 407 522 439 consimilem
547 406 732 442 habuisset,
756 406 868 436 Rome
893 404 1061 446 potuisset
1083 404 1118 434 in
1143 403 1297 444 plurimis
1322 395 1517 444 equiperari
1530 400 1549 432 ¹.
1596 401 1700 432 Primi
1724 405 1834 431 autem
1859 399 2029 432 Anchone
2055 410 2135 431 con—

308 465 496 491 structores
527 459 689 490 dicuntur
721 457 824 488 fuisse
857 458 1083 498 imperatores
1114 456 1208 488 urbis
1240 456 1363 491 Rome,
1394 454 1451 496 qui
1475 461 1616 495 propter
1640 453 1802 484 malitiam
1828 458 1862 484 et
1892 452 2137 484 immanitatem

308 513 518 544 Sclavonum
543 513 634 542 viros
658 510 914 552 potentissimos
938 510 986 542 ibi
1010 520 1166 551 posuere,
1192 510 1250 551 qui
1273 514 1412 551 gentem
1434 507 1667 539 sclavonicam
1692 506 1887 548 subigerent
1912 505 2058 548 imperio
2082 516 2135 537 ro-
2162 504 2179 535 5

310 576 411 597 mano
425 564 446 596 ².
493 565 581 596 Nam
607 570 640 596 et
665 565 778 606 aliqua
809 575 888 604 pars
920 563 1121 595 Sclavonie'
1152 568 1265 604 potest
1297 562 1330 592 in
1362 561 1468 592 multa
1499 560 1682 591 serenitate
1713 559 1803 590 aeris
1833 570 1877 591 ex
1907 559 2028 591 eodem
2061 558 2138 590 loco

309 618 432 649 videri.

479 618 539 648 Est
563 618 653 649 enirn
678 617 800 649 civitas
823 616 962 648 modica
987 621 1039 647 set
1062 616 1230 657 populosa
1243 615 1265 652 ³,
1290 621 1324 646 et
1347 620 1468 645 natura
1492 613 1561 644 loci
1577 612 1732 653 undique
1749 612 1953 654 premunita.

1999 610 2057 643 Ad
2072 611 2139 642 hec

311 677 423 702 autem
447 670 696 712 subsequenter
720 676 769 702 est
793 670 836 701 de
861 668 1040 700 obsidione
1066 668 1262 700 dicendum.

398 724 618 765 ⁴Imperante
645 723 829 754 Frederico
854 723 1091 754 Romanorum
1115 721 1331 762 imperatore,
1356 720 1414 762 qui
1439 725 1561 761 postea
1584 729 1651 749 non
1679 718 1780 761 longe
1811 718 1855 750 ab
1887 717 2072 750 Antiochia
2102 718 2138 749 in

404 871 425 887 1.
445 863 607 887 damnificat
634 863 659 885 V'
672 863 705 886 ed
722 863 759 886 M
774 875 783 879 -
803 863 935 886 ancorate
957 863 992 889 Cz
1013 862 1181 885 anchoratae
1203 862 1239 885 M
1253 874 1261 878 -
1282 860 1425 884 Ravenam
1447 860 1470 884 C
1488 872 1519 875 ——
1542 865 1564 883 2.
1584 859 1680 882 Ytalie
1704 860 1738 885 C:
1765 857 1865 881 Italiae
1889 859 1927 881 M
1941 871 1949 875 -
1969 857 2094 888 undique
2119 857 2144 880 V

316 920 343 923 -
365 914 387 938 3.
407 905 573 929 habuissent
594 906 617 930 C
635 918 643 922 -
663 905 768 928 Romae
789 905 825 927 M
840 917 848 921 -
869 904 1046 927 consimilem
1067 903 1153 927 Rome
1173 904 1313 934 potuisset
1334 904 1361 925 in
1383 902 1511 933 pluribus
1531 901 1688 932 equiperari
1715 900 1748 928 V;
1769 899 1897 931 pluribus
1919 901 2081 931 equiperare
2102 900 2137 927 C;

311 948 439 980 pluribus
461 948 637 979 aequiparari
658 948 694 970 M
709 960 719 964 -
740 948 832 970 autem
853 954 900 969 om.
921 946 944 970 C
962 946 995 968 ed
1013 947 1066 969 Μ-
1081 946 1200 969 Ancone
1214 946 1247 974 C}
1263 945 1398 968 Anconae
1419 945 1454 967 M
1470 958 1500 960 -
1522 951 1546 974 4.
1566 944 1692 967 Romane
1721 943 1751 970 V;
1771 941 1876 965 Romae
1890 943 1966 965 M—
1982 942 2139 972 4-5.1nma-

313 991 430 1014 nitatem
451 989 615 1013 Sclavorum
643 990 665 1012 V
680 1002 712 1005 —
734 995 756 1019 5.
775 988 994 1012 Sclavonicham
1021 988 1163 1011 subierent
1198 988 1226 1015 [ἦ
1252 987 1423 1010 Sclavonum
1450 987 1632 1017 subiugarent
1660 986 1693 1012 C;
1714 984 1884 1008 Sclavonum
1904 984 2088 1016 subjugarunt
2108 984 2146 1007 A!

313 1047 343 1050 —
364 1031 387 1055 6.
408 1033 435 1055 et
454 1031 572 1062 quedam
595 1032 628 1058 C;
655 1032 681 1054 et
708 1031 844 1061 quaedam
864 1030 900 1053 Μ
915 1043 923 1047 -
943 1029 1095 1053 sclavonice
1121 1027 1170 1062 [M
1184 1028 1366 1060 Sclavoniae]
1386 1029 1414 1052 in
1437 1027 1478 1059 {in
1499 1036 1546 1051 om.
1569 1025 1602 1059 C]
1621 1027 1708 1050 multa
1729 1027 1880 1049 serenitate
1899 1027 1969 1049 aeris
1989 1033 2023 1049 ex
2043 1026 2138 1049 eodem

313 1076 405 1105 potest
425 1073 490 1097 loco
512 1075 534 1097 C
551 1074 585 1096 ed
605 1074 638 1097 M
653 1086 687 1089 —
707 1078 729 1102 7.
750 1073 899 1104 populosa,
920 1074 946 1095 et
966 1080 1015 1096 om.
1036 1073 1058 1095 C
1075 1073 1109 1095 ed
1127 1072 1163 1095 M
1178 1084 1187 1088 -
1209 1072 1396 1103 praemunita.

1434 1069 1479 1092 Ad
1498 1070 1551 1093 hoc
1574 1070 1605 1092 M
1623 1082 1657 1085 —
1676 1067 1700 1092 8.
1714 1069 1791 1098 Depo
1805 1067 1954 1091 dicendum
1967 1076 2049 1099 segue
2063 1067 2089 1091 iu
2105 1068 2139 1092 C:

310 1116 417 1146 Incipit
437 1116 469 1138 de
489 1115 638 1138 obsidione
658 1121 770 1138 narrare
789 1122 804 1137 a
823 1114 982 1137 cancelario
1005 1114 1085 1137 facta.
1121 1112 1245 1136 Rubrica
1265 1110 1290 1145 [e
1308 1112 1358 1136 cosi
1380 1112 1406 1135 in
1426 1113 1466 1140 M,
1486 1109 1544 1135 ov'b
1558 1115 1692 1141 preme-vso
1713 1109 1781 1142 Cap.
1801 1110 1848 1138 ΙΙΙ,
1861 1117 1906 1133 con
1921 1111 1948 1133 la
1957 1110 2054 1142 grafia
2068 1108 2140 1133 Can-

312 1156 440 1187 cellario]
462 1170 493 1173 —-
514 1164 538 1188 9.
558 1156 692 1180 Federico
722 1157 745 1180 Γ

312 1255 424 1282 Pesaro,
444 1255 496 1286 tlp.
516 1254 653 1285 Federici,
678 1253 764 1286 1897),
785 1254 885 1286 “spira
905 1255 984 1285 quasi
1006 1254 1034 1277 di
1061 1254 1202 1277 continuo

314 1297 384 1321 “dal
406 1299 499 1320 monte
520 1304 556 1320 un
584 1299 668 1320 vento
696 1298 871 1328 impetuoso:
898 1303 942 1320 ma
967 1296 1094 1327 percorsi
1119 1296 1201 1327 pochi

313 1339 327 1352 ‘¹
339 1340 503 1363 chilometri
523 1339 553 1363 di
572 1340 655 1363 botto
675 1339 770 1362 finisve
784 1356 806 1369 „.
844 1338 889 1362 Cf.
909 1338 998 1362 anche
1018 1338 1054 1361 A.
1081 1339 1205 1361 anssn-

312 1389 410 1411 ΜΑΝΝ,
435 1383 516 1405 Orme
534 1382 564 1405 di
581 1382 670 1405 Dante
689 1382 715 1405 in
739 1382 831 1410 Italia,
851 1381 922 1404 trad.
943 1381 971 1404 di
991 1381 1021 1404 E.
1037 1380 1136 1408 Gorra,
1151 1381 1203 1404 Bo-

312 1425 409 1456 logna,
424 1423 592 1453 Zanichelli,
606 1431 626 1447 s.
642 1432 674 1452 a.‚
688 1431 734 1455 pp.
749 1422 857 1454 238-40.
893 1422 916 1446 11
931 1423 1066 1447 Bernabei
1081 1423 1133 1453 (ed.
1147 1424 1204 1449 cit.‚

312 1475 338 1498 p.
358 1466 403 1498 38)
424 1467 553 1490 tradusse
575 1466 755 1497 “garbino„.

402 1507 408 1522 ¹
429 1509 455 1532 A
475 1509 626 1540 proposito
641 1508 685 1531 del
701 1510 712 1522 “
725 1508 907 1540 proverblum
919 1525 932 1538 n
949 1507 1133 1538 riguardante
1147 1506 1202 1530 Ra-

314 1558 413 1577 venna.
433 1550 490 1577 che,
511 1556 539 1572 se
558 1556 654 1572 avesse
674 1551 760 1572 avuto
781 1556 818 1572 un
845 1551 929 1580 porto
956 1549 1048 1572 simile
1069 1556 1082 1572 a
1110 1548 1206 1579 quello

314 1593 343 1616 dl
362 1592 492 1619 Ancona,
512 1593 534 1614 sl
556 1591 670 1615 sarebbe
691 1593 792 1623 potuta
812 1598 987 1622 paragonare
1001 1597 1016 1613 a
1030 1589 1129 1617 Roma,
1143 1589 1157 1614 ὲ
1171 1590 1205 1613 da

313 1635 457 1658 ricordare
477 1634 564 1657 anche
584 1633 696 1657 l'altro:
718 1634 728 1645 ‘⁴
747 1633 823 1656 Unus
844 1633 944 1656 Petrus
969 1633 1000 1656 ln
1026 1633 1125 1659 Roma,
1151 1640 1206 1656 una

316 1676 437 1700 “Turris
458 1678 487 1700 in
509 1676 657 1705 Cremona,
678 1683 749 1699 unus
769 1675 872 1700 Portus
888 1677 916 1698 in
931 1675 1075 1707 Ancona„
1097 1675 1158 1705 (cit.
1172 1675 1206 1698 da

314 1720 347 1743 G.
368 1719 472 1747 V01GT‚
492 1718 584 1742 Storia
604 1719 677 1742 della
698 1718 776 1749 Lega
798 1718 950 1741 Lombarda
970 1725 1033 1745 ccc.,
1059 1718 1132 1742 trad.
1159 1717 1207 1740 dal

313 1762 434 1789 tedesco,
446 1760 566 1788 Milano,
581 1760 726 1787 Bonsantl.
744 1759 818 1791 1848,
833 1767 858 1792 p.
877 1759 943 1791 126).
980 1760 1048 1783 Alla
1068 1761 1207 1783 sicurezza

314 1804 359 1827 del
381 1805 463 1835 porto
484 1803 513 1826 ‹ll
533 1803 655 1826 Ancona
674 1809 798 1825 accenna
814 1803 897 1825 none.
912 1802 1000 1825 anche
1015 1799 1064 1833 piu
1080 1803 1207 1829 innanzi,

315 1845 514 1876 nell'episodlo
535 1844 579 1868 del
598 1845 738 1868 canonico
760 1844 906 1868 Giovanni
929 1845 965 1876 (p.
987 1849 1027 1871 21,
1048 1844 1077 1867 11.
1099 1841 1164 1876 3-4).

402 1885 411 1901 2
432 1887 454 1910 Il
474 1894 565 1910 cenno
587 1886 658 1910 sulle
678 1887 782 1918 origini
805 1886 831 1909 di
855 1886 973 1909 Ancona
996 1893 1051 1909 non
1074 1885 1208 1916 risponde

315 1930 411 1953 affatto
432 1930 488 1953 alla
509 1927 599 1952 verita
620 1930 736 1952 storica.
774 1929 894 1952 Ancona
914 1929 949 1952 ha
970 1929 1078 1959 origini
1093 1929 1144 1951 ben
1160 1926 1208 1960 piis

315 1972 438 2000 antiche,
460 1980 474 1995 e
493 1969 587 1995 all'eta
609 1970 766 2002 imperiale,
787 1978 800 1994 e
820 1971 1025 2001 precisamente
1046 1978 1059 1993 a
1074 1970 1210 1999 Traiano,

315 2021 375 2037 essa
395 2014 464 2037 deve
483 2014 545 2036 solo
567 2013 763 2036 l'incremento
790 2012 817 2035 di
839 2020 894 2036 una
922 2011 1080 2043 prosperita
1108 2013 1209 2044 proesi-

315 2057 416 2084 sterne,
442 2056 485 2079 col
511 2056 744 2086 miglioramento
770 2055 814 2077 del
842 2056 926 2086 porto
946 2062 959 2078 e
981 2055 1054 2078 delle
1077 2054 1208 2078 fortifica—

316 2099 404 2121 zioni.
441 2098 588 2125 Tuttavia,
610 2098 638 2120 in
660 2096 801 2120 rclazione
821 2104 873 2120 con
896 2096 920 2119 le
947 2104 995 2119 sue
1021 2096 1210 2120 affermazioni

315 2148 439 2169 erronee,
460 2141 544 2163 Bone.
566 2137 627 2162 sarit
647 2140 695 2171 poi
716 2139 776 2162 dire
796 2139 842 2162 dal
864 2139 1012 2169 vegliardo
1027 2140 1050 2162 ai
1067 2139 1131 2161 suoi
1145 2146 1210 2161 con-

317 2181 450 2206 cittadini
472 2182 574 2204 riuniti
597 2182 624 2204 in
647 2181 817 2205 assemblen:
835 2182 847 2193 “
858 2197 865 2204 .
879 2198 884 2203 .
896 2180 1032 2211 ..quide
1048 2180 1209 2204 1101111130-

319 2226 491 2247 “manorum
513 2224 645 2255 prosapia
667 2223 807 2254 originem
830 2223 1040 2251 contraxistis„
1063 2222 1101 2254 (p.
1116 2229 1157 2253 24,
1178 2223 1207 2245 ll.

317 2266 381 2296 3-6).
420 2266 441 2288 11
469 2265 607 2289 Costanzi
636 2267 734 2294 stesso,
761 2266 906 2288 risacemlo
934 2264 952 2287 il
981 2265 1063 2288 Liber
1088 2266 1121 2288 de
1145 2265 1210 2287 obsi-

317 2308 402 2337 diane,
423 2308 548 2339 respinse
569 2307 729 2339 l'opinione
749 2307 778 2330 (11
798 2307 892 2335 Bone.¹
914 2306 1080 2329 scrivendo:
1110 2304 1211 2332 “Quia

319 2351 407 2373 “vero
429 2350 493 2372 urbs
515 2351 573 2380 ipsa
596 2349 768 2372 maritimum
789 2356 819 2372 nr
842 2349 998 2372 naturalem
1019 2350 1132 2379 portum
1153 2355 1211 2371 sor-

321 2393 331 2402 “
345 2392 399 2415 tita
419 2392 449 2414 in
470 2393 591 2422 angusto
611 2392 729 2414 duorum
751 2391 1015 2422 promontoriorum
1037 2398 1071 2413 ex
1098 2390 1211 2413 diverso

321 2433 508 2457 “coeuntium
530 2433 625 2456 inflexi
648 2434 759 2456 cubitus
775 2434 898 2463 imagine
919 2433 1004 2459 sedet,
1018 2433 1083 2456 ideo
1097 2440 1112 2456 a
1127 2433 1210 2456 Grae-

321 2477 384 2498 “cis
405 2476 504 2498 Ancon
527 2475 672 2505 appellata
692 2477 742 2499 est.
782 2475 861 2498 Unde
881 2478 999 2506 apparet
1014 2474 1139 2498 Graecos
1153 2482 1212 2497 eam

321 2519 442 2550 “potius
471 2525 552 2548 quam
582 2519 728 2541 Romanos
754 2518 949 2548 imperatores.
979 2519 1009 2540 ut
1039 2518 1134 2540 noster
1164 2517 1212 2540 ille

323 2561 445 2583 “auctor
459 2561 566 2588 asserit,
582 2560 753 2583 condidisse.
791 2560 880 2583 Dores
896 2566 1013 2589 namque
1027 2558 1210 2582 famosissimi

322 2603 334 2615 “
347 2602 481 2625 Graeciae
501 2601 599 2632 populi
624 2602 652 2624 in
672 2601 785 2624 Italiam
808 2602 935 2631 provecti
952 2599 1098 2624 Anconem
1114 2600 1212 2631 procul

324 2643 434 2666 “dubio
458 2643 623 2665 fundavere:
646 2643 720 2665 unde
740 2644 765 2664 ct
793 2641 866 2673 apud
892 2641 1054 2664 Iuvenalem
1084 2641 1142 2670 HV,
1169 2640 1211 2672 40]

323 2685 403 2709 “est:
438 2683 539 2707 “Ante
569 2685 681 2706 domum
711 2684 826 2707 veneris
853 2691 934 2714 quam
961 2683 1065 2706 Dorica
1092 2684 1213 2706 sustinet

324 2727 336 2739 ·‘
350 2726 361 2737 ‘¹
375 2727 477 2749 Ancon
490 2742 512 2756 ‚‚‚
533 2728 559 2748 et
581 2725 652 2748 illud
674 2727 758 2748 etiarn
774 2727 867 2748 extat:
885 2726 896 2736 “
910 2725 1070 2755 Doricaque
1084 2726 1112 2747 et
1127 2725 1212 2747 Graia

323 2770 333 2781 ‘⁴
349 2768 486 2791 “moenia
506 2769 587 2799 posta
609 2774 715 2797 manu„
730 2783 753 2797 ‚,.
793 2768 811 2790 E
832 2765 881 2799 piu
903 2767 1025 2796 innanzi,
1047 2768 1121 2797 (lopo
1147 2773 1214 2789 aver

324 2810 464 2840 riportato
485 2809 661 2832 l’is‹·rizione
680 2816 760 2840 greca
776 2808 914 2832 dell’urna
929 2809 956 2831 di
979 2816 1026 2831 san
1042 2808 1129 2831 Dasio
1143 2815 1214 2831 mar-

324 2853 376 2875 tire
401 2853 463 2881 (ora
493 2851 567 2874 nella
598 2853 690 2883 cripta
718 2852 812 2875 destra
838 2851 880 2874 del
909 2851 1011 2874 duomo
1038 2849 1212 2881 d'Ancona):

325 2893 411 2917 “Alii
433 2896 523 2917 autem
545 2893 720 2917 arbitrantur
735 2894 880 2916 Anconem
894 2892 1056 2916 Siculorum
1069 2892 1212 2916 coloniam

326 2936 338 2947 *¹
349 2936 492 2959 extitisse:
515 2943 609 2958 verum
632 2935 755 2958 sacilime
775 2935 832 2958 lieri
856 2936 958 2966 potuit,
980 2936 1009 2958 ut
1023 2934 1112 2958 Dorus
1126 2935 1155 2957 in
1170 2933 1211 2957 Si-

1259 1252 1378 1276 “ciliam
1399 1252 1490 1284 primo
1511 1259 1541 1275 ac
1562 1251 1664 1275 deinde
1683 1251 1713 1274 in
1734 1250 1843 1274 ltaliam
1870 1251 2055 1274 traiecissent.
2091 1249 2144 1274 Sed

1260 1295 1348 1319 “haec
1370 1294 1531 1318 doctiorum
1552 1293 1664 1317 iudicio
1684 1293 1909 1323 relinquantur„
1928 1291 1972 1323 (V,
1989 1292 2007 1316 f.
2027 1298 2142 1320 2.rev;

1258 1338 1299 1361 ed.
1315 1337 1443 1361 Castaldi
1459 1337 1517 1364 cit„
1533 1344 1558 1367 p.
1573 1335 1644 1368 313).
1676 1335 1740 1358 Non
1754 1334 1838 1359 credo
1852 1334 1958 1359 inutile
1972 1334 2084 1358 riserire
2096 1334 2143 1365 qui

1257 1377 1453 1411 l'epigramma
1473 1378 1500 1402 di
1522 1378 1654 1401 Antonio
1675 1376 1820 1409 Campano
1841 1377 1890 1400 che
1908 1374 1922 1400 'e
1943 1377 1972 1400 in
1998 1374 2028 1404 V,
2049 1376 2067 1400 s.
2086 1381 2145 1407 37r

1258 1422 1305 1452 (cf.
1326 1422 1352 1445 la
1373 1422 1428 1445 mia
1448 1421 1527 1453 pres.,
1547 1428 1574 1451 p.
1594 1420 1690 1451 Xva):

1363 1496 1372 1505 ¹¹
1383 1496 1445 1520 Quae
1460 1501 1518 1515 nune
1534 1495 1624 1515 Adriaci
1639 1498 1714 1514 custos
1728 1501 1776 1514 sum
1792 1494 1864 1514 litoris
1878 1494 1973 1513 Anchon

1416 1529 1486 1549 “olim
1502 1529 1519 1548 si
1535 1529 1608 1548 nescis
1622 1528 1714 1547 doricha
1729 1531 1788 1547 terra
1805 1527 1844 1549 sui.

1364 1563 1374 1573 ¹¹
1384 1563 1477 1582 Finibus
1491 1562 1554 1581 eiecti
1571 1562 1650 1586 patriis
1664 1567 1779 1585 regnoque
1795 1561 1882 1584 Pelasgi

1418 1595 1427 1605 '²
1437 1596 1491 1615 haec
1506 1601 1564 1620 quae
1579 1601 1638 1614 nunc
1652 1598 1741 1619 spectas
1755 1595 1844 1614 moenia
1859 1594 2014 1616 condiderant,

1366 1629 1375 1638 ““
1387 1629 1433 1648 Nec
1448 1635 1483 1648 me
1498 1628 1616 1647 Graiorum
1631 1631 1696 1651 turpe
1710 1631 1743 1647 est
1758 1627 1883 1651 insignibus
1897 1627 1942 1646 uti:

1418 1661 1533 1681 “armavit
1547 1661 1633 1685 primos
1647 1660 1754 1679 Tessalus
1769 1666 1820 1679 acer
1835 1665 1913 1684 equos.

1367 1695 1376 1705 ⁴⁴
1386 1695 1445 1719 Ergo
1461 1695 1535 1714 mirari
1552 1695 1643 1714 Danaos
1658 1694 1701 1713 huc
1717 1694 1748 1713 ire
1764 1693 1852 1718 fugatos

1420 1729 1429 1738 ⁴
1440 1728 1528 1747 desine:
1545 1734 1596 1747 nam
1611 1730 1676 1746 vetus
1691 1727 1732 1746 hoc
1747 1727 1870 1751 hospitium
1885 1729 1918 1746 est
1934 1726 2019 1746 Danais
2028 1741 2046 1750 „,

1349 1797 1359 1812 ³
1377 1799 1419 1823 Lo
1440 1801 1527 1822 stesso
1550 1798 1635 1821 Bone.
1654 1795 1689 1821 da
1709 1794 1758 1828 piis
1778 1796 1895 1820 innanzi
1915 1795 1952 1827 (p.
1974 1803 2015 1828 23,
2041 1796 2070 1820 ll.
2091 1795 2149 1827 6-7)

1262 1841 1282 1865 il
1303 1848 1419 1865 numero
1439 1840 1465 1863 di
1487 1839 1655 1863 dedicimila
1676 1839 1812 1863 abitanti:
1833 1838 1869 1862 cs.
1884 1839 1912 1862 in
1929 1839 2079 1870 proposito
2094 1845 2150 1862 una

1263 1886 1331 1907 nota
1351 1884 1394 1907 del
1409 1882 1560 1907 Ciavarinl
1575 1882 1600 1905 al
1617 1881 1767 1905 neumam
1782 1882 1838 1908 cit„
1853 1888 1879 1913 p.
1899 1880 1931 1911 38
1945 1880 2006 1912 (che
2020 1880 2151 1904 rimanda

1261 1934 1277 1950 a
1297 1926 1331 1950 G.
1352 1927 1552 1954 Bavrmcmm,
1579 1925 1625 1947 (Jli
1636 1925 1831 1954 ullor-,qumana
1846 1923 1876 1946 di
1887 1923 1996 1946 Ancona
2010 1924 2083 1946 dalle
2097 1923 2151 1946 ori-

1260 1969 1323 2000 giui
1340 1969 1395 1992 sino
1415 1977 1430 1991 a
1451 1967 1501 1995 noi,
1522 1967 1677 1997 nell'opcra
1697 1966 1803 1989 Ancona
1823 1965 1952 1988 deserina
1972 1966 2043 1989 nella
2068 1966 2152 1989 storia

1263 2020 1276 2034 ε
1290 2011 1333 2034 nei
1346 2010 1511 2037 mouumenti,
1525 2009 1655 2036 Ancona,
1673 2007 1757 2038 1869).
1783 2005 1906 2030 Osservo
1919 2005 1967 2038 gia
1981 2007 2004 2031 il
2017 2007 2152 2035 Punuzzr,

1263 2056 1303 2082 op.
1323 2052 1376 2079 cit..
1397 2052 1416 2079 I,
1437 2059 1463 2082 p.
1483 2057 1542 2080 250,
1562 2050 1612 2073 che
1632 2052 1714 2074 torna
1733 2056 1748 2072 a
1769 2049 1873 2079 grande
1894 2055 1981 2072 onore
2001 2049 2077 2079 degli
2096 2048 2153 2072 An-

1263 2095 1392 2117 conitani
1415 2093 1500 2116 l'aver
1520 2093 1647 2116 resistito
1667 2092 1696 2115 in
1712 2091 1768 2115 rosi
1785 2098 1879 2114 scarso
1895 2098 2010 2114 numero
2025 2090 2051 2114 al
2065 2090 2152 2122 lungo

1264 2145 1278 2160 e
1298 2137 1425 2160 terribile
1445 2136 1564 2159 assedit).

1353 2178 1362 2193 ⁴
1384 2179 1412 2201 P.
1437 2185 1476 2207 ιω,
1497 2178 1514 2200 1.
1534 2185 1588 2208 (J-p.
1612 2183 1652 2204 πο,
1673 2177 1690 2200 1,
1712 2182 1738 2199 2:
1761 2176 1907 2200 Cristiano
1928 2176 1956 2199 di
1978 2175 2061 2205 Buck,
2088 2182 2153 2198 can-

1264 2220 1376 2243 celliere
1397 2219 1542 2251 imperiale.
1562 2228 1574 2241 υ
1589 2219 1771 2241 arcivescovo
1785 2218 1814 2240 di
1827 2217 1973 2249 Magonza,
1986 2217 2086 2240 scende
2098 2223 2152 2239 con

1265 2270 1301 2285 un
1321 2262 1441 2286 esercito
1462 2262 1491 2284 in
1512 2260 1604 2290 Italia,
1626 2260 1742 2283 devasta
1761 2259 1882 2288 castelli,
1901 2258 2002 2289 boi-ghi
2023 2265 2037 2282 e
2057 2257 2126 2281 ville
2139 2265 2153 2281 e

1265 2307 1287 2328 si
1309 2305 1392 2335 volge
1412 2304 1572 2327 finalmente
1593 2305 1694 2326 contro
1715 2303 1842 2330 Ancona,
1868 2302 1895 2326 la
1921 2302 1980 2325 sola
2000 2299 2071 2325 citta
2096 2300 2154 2329 che,

1265 2347 1353 2371 fedele
1380 2346 1538 2377 all’lmpcro
1565 2345 1720 2373 d'Oriente,
1744 2344 1939 2375 gl'irnpedisce
1965 2343 1986 2366 il
2012 2342 2154 2373 completo

1265 2388 1393 2413 dominio
1414 2388 1487 2411 della
1509 2387 1611 2411 Marca.
1650 2385 1748 2410 Porcio
1775 2387 1797 2409 si
1825 2387 1921 2409 unisce
1947 2386 1972 2408 ai
2002 2384 2152 2408 Veneziani

1265 2431 1345 2454 affine
1365 2431 1392 2454 di
1414 2431 1553 2454 asscdiarc
1574 2431 1693 2453 Ancona
1714 2435 1761 2459 per
1781 2430 1856 2451 terra
1875 2434 1889 2450 e
1914 2434 1962 2458 per
1987 2434 2070 2456 mare,
2097 2433 2154 2450 sac-

1266 2473 1426 2504 cheggiarla
1447 2481 1459 2495 e
1479 2471 1677 2503 distruggerla.
1717 2470 1777 2493 Una
1798 2470 1877 2493 flotta
1897 2470 2048 2493 veneziana
2074 2469 2154 2491 entra

1267 2516 1311 2539 nel
1333 2517 1425 2546 porto,
1453 2515 1495 2537 nel
1524 2521 1617 2537 mezzo
1644 2513 1688 2536 del
1715 2512 1797 2543 quale
1822 2511 1856 2535 d'a
1884 2511 1973 2535 fondo
2002 2518 2056 2534 una
2085 2518 2155 2534 nave

1265 2558 1464 2588 grandissima.
1485 2556 1561 2579 detta
1589 2557 1667 2579 Totus
1687 2555 1812 2583 illandus,
1825 2560 1841 2577 a
1855 2555 1989 2585 sostegno
2003 2553 2036 2576 ed
2050 2559 2155 2585 appog-

1265 2600 1314 2631 gio
1335 2599 1411 2630 degli
1438 2599 1502 2622 altri
1531 2599 1607 2629 legni
1635 2596 1772 2620 collocati
1798 2595 1916 2619 intorno
1945 2596 1978 2618 ad
2007 2602 2074 2618 essa.
2112 2594 2156 2619 Da

1266 2643 1363 2672 questa
1383 2641 1489 2672 grande
1510 2648 1588 2669 nave,
1610 2638 1870 2663 formidabilmente
1889 2639 2004 2665 armata,
2032 2638 2039 2659 i
2066 2635 2156 2660 Vene-

1266 2684 1341 2706 ziani
1361 2684 1457 2706 tirano
1478 2684 1578 2705 contro
1598 2681 1624 2704 la
1645 2677 1724 2705 cittii.
1750 2679 1932 2703 arrecandole
1958 2679 2025 2710 ogni
2051 2679 2155 2709 giorno

1267 2726 1345 2756 gravi
1368 2725 1465 2748 dunni.
1502 2722 1653 2747 L'esercito
1672 2722 1700 2745 di
1722 2721 1878 2748 cristiano,
1898 2721 1931 2743 da
1952 2721 2031 2751 parte
2047 2726 2105 2747 sua,
2131 2718 2156 2743 si

1267 2773 1398 2797 accampa
1417 2773 1514 2798 presso
1534 2766 1560 2789 la
1581 2762 1652 2788 cittiz
1672 2772 1685 2787 e
1705 2761 1739 2787 dri
1761 2764 1781 2786 il
1800 2764 1901 2795 guasto
1923 2762 1978 2786 alle
2003 2768 2156 2793 campagne

1266 2809 1434 2832 eircostanti
1456 2814 1503 2839 per
1522 2806 1660 2838 impedire
1681 2806 1738 2837 agli
1759 2804 1936 2828 Anconitani
1952 2803 2021 2835 ogni
2035 2803 2156 2834 possibi-

1267 2850 1319 2874 lita
1340 2850 1368 2873 di
1395 2849 1678 2880 vettovagliamentO.
1717 2847 1755 2870 Le
1781 2847 1890 2870 milizie
1916 2845 2058 2877 imperiali
2083 2851 2156 2868 sono

1268 2892 1422 2915 rinsorzate
1441 2891 1475 2914 da
1495 2891 1589 2921 quelle
1607 2889 1680 2913 delle
1701 2889 1778 2912 varie
1798 2886 1867 2912 citta
1888 2887 2087 2919 marchigiane,
2101 2894 2158 2919 spe-

1268 2935 1309 2957 cie
1328 2933 1358 2957 di
1378 2933 1485 2963 Osimo,
1506 2933 1637 2956 anelante
1658 2931 1713 2955 alla
1733 2932 1905 2954 distruzione
1924 2930 1952 2953 di
1973 2929 2102 2958 Ancona,
2126 2928 2155 2952 di

2172 1254 2206 1280 ⁵0

2174 1492 2205 1518 55

2180 2095 2214 2122 70

2181 2310 2213 2337 75

2183 2511 2217 2537 80

2183 2934 2218 2960 90
