2282 3502
32 810 69 841 10

31 1074 67 1107 15

29 1341 70 1372 20

31 1605 72 1638 25

41 2121 72 2138 10

40 2602 74 2620 20

5 2807 73 2834 *25

93 205 142 243 [A.
164 205 255 240 117³]
596 200 748 235 LlBER
780 201 847 235 Dr:
877 201 1151 236 Ossslmoisiff:
1180 203 1399 238 ANcoNh
1861 204 1904 241 37

95 331 323 374 “alienigene,
347 331 460 363 vinum
487 342 610 364 novum
635 332 668 363 in
687 339 778 364 utres
803 339 935 364 veteres
959 333 1149 369 mittentes:
1174 340 1234 371 set,
1259 334 1340 366 licet
1355 335 1397 365 sit
1423 335 1523 375 plane
1543 335 1726 375 imgressus,
1745 334 1913 367 mordebit

97 387 235 417 “tamen
257 383 293 415 in
317 384 500 415 novissimo
525 391 559 416 ut
583 384 733 422 coluber,
756 385 915 426 quoniam
942 385 1067 417 nullum
1094 386 1209 417 vitium
1236 386 1382 418 ebrietas
1407 394 1554 418 excusat.
1601 387 1750 428 Serpens
1775 398 1911 429 compa-

97 437 188 470 “ruit
210 436 431 472 nocturnalia,
456 437 585 468 habens
609 437 641 468 in
667 438 779 479 capite
804 438 958 474 cristam:
983 445 1098 470 cantat
1122 445 1156 470 ut
1187 439 1306 480 gallus,
1339 440 1554 472 dulcedinem
1589 446 1701 481 portat
1727 440 1758 471 in
1783 450 1854 476 ore,
1878 447 1911 472 et

96 489 209 523 “sicut
231 490 368 531 scorpio
394 490 506 522 fundit
529 501 606 522 cum
631 491 741 522 cauda
765 501 943 523 venenum.
992 491 1022 522 A
1047 492 1159 523 fructu
1191 502 1364 532 cognosco
1388 492 1556 528 arborem,
1581 499 1614 524 et
1645 502 1747 534 opera
1774 504 1835 534 per
1859 494 1911 524 ef-

98 543 254 576 “fectum
267 541 287 574 ¹.
335 541 422 579 Quis
446 554 603 585 umquam
629 543 758 575 audivit
785 544 853 585 lupi
881 551 1046 581 naturam,
1071 550 1103 575 et
1127 551 1242 586 gestus
1260 545 1370 586 vulpis
1395 545 1470 587 quis
1493 545 1751 577 consideravit?
1798 546 1914 587 Lupus

97 595 226 638 “rapit,
250 594 361 637 vulpis
385 595 524 637 decipit,
549 602 581 627 et
608 597 730 628 vermis
762 607 907 629 araneus
933 597 1032 628 telam
1059 597 1194 629 orditur
1218 604 1250 628 et
1284 597 1402 629 tendit.
1448 596 1506 629 Set
1532 599 1626 640 quid,
1649 599 1674 629 si
1701 599 1764 630 hec
1790 599 1851 630 tria
1877 599 1910 630 in

98 651 226 682 “unum
251 649 470 688 conveniant,
494 655 527 681 et
552 650 583 680 in
611 649 730 681 eodem
757 650 869 681 omnia
894 649 1134 692 reperiantur?
1180 649 1285 682 Canis
1308 651 1486 682 famelicus
1509 651 1636 693 appetit
1662 662 1755 686 ossa:
1781 659 1829 683 set
1854 663 1910 683 ca-

97 702 222 734 “ninus
245 711 314 733 non
338 701 522 734 remittitur
545 702 726 744 appetitus,
750 702 813 734 nisi
840 709 942 744 caput
966 702 1153 734 revolverit
1178 703 1212 734 in
1237 703 1418 735 intestinis.
1468 703 1556 735 Petit
1581 710 1710 745 partem
1730 710 1764 734 ut
1790 704 1913 737 lrabeat

95 755 242 793 “totum,
266 761 299 786 et
322 765 399 786 cum
423 761 529 787 totum
554 755 666 792 habet,
690 755 800 787 credit
823 755 950 787 habere
975 755 1095 791 nichil;
1121 756 1199 797 quia
1223 766 1356 797 semper
1381 756 1485 798 agitat
1510 756 1666 792 caudam,
1699 757 1787 787 unde
1813 757 1912 788 intel-

97 807 239 852 “ligitur
261 813 378 849 petere
403 808 494 850 quod
519 818 587 840 non
613 807 728 840 habet.
775 809 860 839 Dum
886 808 984 850 lupus
1015 808 1080 839 iret
1104 809 1147 840 ad
1172 809 1297 846 caulas,
1331 808 1460 851 nigram
1487 808 1595 840 induit
1619 809 1799 847 cucullam,
1824 817 1856 840 et
1880 811 1913 841 in

97 863 318 903 ‘compatres
341 861 471 892 asinum
496 867 529 892 et
553 861 694 894 arietem
719 861 939 904 conquisivit,
961 861 1053 893 unde
1072 861 1160 903 ipsos
1184 868 1217 893 et
1241 862 1439 893 eorumdem
1466 862 1688 904 propaginem
1715 862 1746 893 in
1773 862 1913 904 proprio

96 913 286 956 “sanguine
311 913 529 956 baptizavit’.
575 914 839 953 (Recordemini
864 914 1012 946 tamdem
1038 913 1278 947 beneficiorum
1310 915 1469 956 potentis,
1500 914 1662 951 sublimis,
1685 915 1811 946 excelsi
1836 915 1914 946 Ern-

95 967 288 999 “manuelis
312 967 542 1009 Imperatoris,
566 968 624 1010 qui
649 967 752 999 faciet
775 967 812 998 in
835 967 950 1008 capite
983 968 1132 999 omniurn
1165 967 1353 1009 platearum
1368 966 1378 982 ²
1409 973 1596 999 vestrarum
1622 977 1760 998 currere
1786 968 1913 999 flumen

95 1021 272 1058 “aureurm
298 1021 341 1053 de
364 1019 460 1062 cujus
483 1020 623 1052 fluentIs
646 1026 729 1062 potu
754 1019 968 1062 replebimini
995 1020 1199 1052 divitiarum.
1239 1020 1281 1052 Et
1305 1020 1386 1052 licet
1409 1021 1481 1051 sitis
1505 1021 1598 1052 velut
1614 1026 1747 1056 nautae,
1772 1022 1839 1063 qui,
1864 1027 1914 1053 te-

95 1073 110 1090 *
124 1083 224 1106 mone
248 1073 398 1116 perdito,
422 1073 589 1105 undarum
607 1072 830 1105 concursibus
846 1073 1031 1116 agitantur,
1048 1072 1179 1104 habetis
1196 1073 1308 1105 adhuc
1333 1079 1486 1105 temones
1502 1073 1536 1104 in
1553 1072 1718 1110 manibus,
1736 1073 1770 1104 in
1796 1073 1916 1116 quibus

97 1128 111 1144 ¹⁴
123 1126 363 1170 principaliter
387 1127 484 1158 navis
499 1126 664 1169 regimina
681 1125 872 1158 consistunt
886 1126 908 1158 ⁴.
955 1125 1056 1158 Unde
1074 1136 1148 1158 cum
1167 1125 1343 1167 Spartanis
1361 1125 1470 1158 bonae
1487 1126 1559 1168 spei
1578 1126 1714 1167 ponatis
1730 1127 1913 1158 anchoram

96 1180 110 1196 ⁴⁴
125 1179 337 1213 constantiae
361 1179 525 1217 fortioris,
549 1179 662 1211 donec
680 1189 772 1211 mare
796 1178 1051 1211 tribulationum
1068 1180 1101 1210 in
1119 1178 1298 1211 bonaciam
1317 1185 1555 1212 convertatur:
1573 1179 1664 1222 quia,
1687 1179 1713 1210 si
1733 1179 1914 1221 contigerit

96 1233 110 1249 “
125 1243 187 1266 vos
210 1233 303 1266 circa
326 1232 540 1264 inimicorum
564 1232 665 1264 litora
688 1231 759 1274 pati
786 1232 1012 1274 naufragium,
1035 1242 1171 1274 semper
1187 1242 1205 1263 a
1222 1232 1332 1273 patria
1349 1231 1537 1269 exulabifis,
1554 1238 1585 1263 et
1600 1231 1626 1263 si
1644 1238 1790 1263 vestrum
1807 1232 1913 1274 aliqui

97 1285 253 1319 “vellent
276 1285 323 1318 ibi
347 1286 460 1328 aliquo
484 1291 638 1326 tempore
663 1286 877 1322 commorari,
903 1291 1037 1326 oportet
1061 1294 1119 1316 eos
1143 1284 1329 1316 secundum
1354 1284 1575 1326 spoliantium
1599 1284 1771 1316 arbitrium
1797 1295 1916 1317 conse-

99 1341 114 1357 “
127 1339 236 1378 dere.)
280 1339 404 1371 Verbis
427 1349 510 1382 ergo
527 1338 684 1370 mollibus
701 1339 842 1370 credere
860 1338 976 1375 nolite,
993 1344 1044 1370 set
1060 1337 1245 1370 substinete
1263 1338 1435 1370 modicum
1454 1344 1487 1369 et
1505 1343 1683 1379 expectate
1701 1338 1874 1379 paulisper
1887 1341 1914 1375 β;

98 1392 286 1437 “quoniam
310 1392 345 1424 in
369 1392 524 1434 proximo
548 1391 639 1423 diem
663 1391 822 1423 videbitis
845 1391 1088 1429 desideratum,
1112 1397 1145 1423 et
1175 1390 1359 1423 cantabitis
1391 1390 1559 1422 canticum
1584 1401 1719 1427 novum,
1744 1391 1916 1422 canticum

99 1445 247 1484 “letitie,
269 1445 493 1477 iocunditatis
516 1451 549 1476 et
572 1444 790 1476 exultationis
813 1444 846 1475 in
870 1450 961 1476 terra
991 1444 1129 1486 propria
1153 1450 1188 1476 et
1210 1444 1338 1479 aliena:
1363 1449 1397 1475 et
1421 1453 1496 1474 cum
1521 1443 1623 1475 vestri
1647 1443 1790 1474 nominis
1813 1451 1916 1485 atque

99 1499 114 1515 ¹⁴
128 1498 323 1531 constantie
346 1498 439 1530 fama
461 1497 635 1530 resonabit
657 1496 784 1539 ubique
809 1503 985 1535 terrarum,
1009 1496 1237 1529 benedicetur
1260 1506 1384 1528 nomen
1408 1501 1555 1528 vestrum
1579 1507 1621 1527 ex
1644 1496 1867 1538 generatione
1883 1496 1917 1527 in

98 1554 112 1569 “
127 1552 386 1597 generationem
400 1577 414 1591 „
430 1549 452 1582 ⁶.

183 1603 426 1647 ''Complacuit
449 1603 560 1636 oratio
585 1603 700 1640 Greci,
723 1609 757 1635 et
773 1603 914 1635 multam
938 1608 1145 1645 receperunt
1169 1602 1262 1634 cives
1285 1612 1328 1634 ex
1351 1602 1455 1644 ipsius
1478 1601 1699 1644 persuasione
1723 1601 1914 1640 audaciam,

189 1742 211 1759 1.
230 1735 406 1767 alienigenae
425 1735 462 1758 M
476 1746 487 1752 -
507 1732 548 1767 in]
569 1735 595 1758 et
619 1733 642 1757 C
657 1747 667 1752 -
688 1735 836 1758 mictentes
859 1733 881 1757 C
898 1734 1077 1765 -ingressum
1107 1733 1130 1757 V
1144 1746 1173 1749 -—
1197 1739 1220 1757 ε.
1239 1735 1331 1756 tamen
1351 1740 1399 1756 om.
1422 1733 1445 1756 C
1461 1733 1495 1755 ed
1514 1732 1565 1755 stl-
1579 1730 1693 1762 vitium]
1708 1732 1791 1755 vitari
1809 1731 1876 1755 Ced
1889 1732 1923 1755 M

98 1791 132 1796 -·
153 1783 208 1809 2-3.
222 1777 379 1809 comperuit
399 1776 423 1801 C
439 1789 471 1793 —
493 1782 514 1806 3.
535 1777 634 1800 cistam
656 1777 682 1799 P
700 1785 713 1800 e
740 1777 782 1800 V-
801 1778 897 1800 cantat
919 1775 961 1807 ut]
981 1777 1097 1799 cantatu
1118 1776 1153 1799 M
1169 1788 1177 1792 -
1197 1773 1303 1807 portat}
1324 1776 1436 1806 portare
1451 1775 1475 1799 C
1488 1786 1517 1791 -
1533 1781 1555 1804 4.
1570 1775 1682 1805 scurpio
1700 1773 1722 1796 C
1736 1786 1743 1790 -
1758 1780 1818 1796 cum
1833 1782 1880 1796 om.
1903 1773 1926 1796 V

99 1833 132 1839 —-
151 1824 177 1851 5.
196 1825 319 1851 unquam
348 1819 373 1848 1',
394 1819 429 1842 M
443 1827 456 1842 e
482 1819 517 1847 (ἐς
539 1825 681 1849 nunquam
703 1819 726 1843 C
742 1830 753 1836 -
773 1819 921 1842 naturam?
940 1818 974 1842 Et
996 1818 1088 1849 vulpis
1107 1819 1201 1847 gestus
1222 1818 1264 1843 M:
1287 1817 1380 1849 vulpis
1403 1818 1496 1848 gestus
1526 1815 1548 1838 C
1570 1828 1580 1834 -
1606 1815 1814 1839 conscideravlt
1841 1816 1864 1839 C
1887 1828 1919 1832 —

99 1861 153 1892 5-6.
173 1861 270 1894 vulpes
290 1861 396 1892 decipit
415 1862 443 1885 et
463 1861 545 1892 lupus
565 1862 640 1892 rapit
663 1862 685 1884 C
701 1861 735 1884 ed
753 1861 789 1883 M
805 1873 832 1877 -
855 1860 879 1884 6.
901 1860 968 1883 Vad
979 1860 1027 1883 hcc
1042 1860 1185 1891 agg-iunge
1205 1860 1301 1882 omnia
1317 1871 1345 1875 —
1363 1865 1385 1888 7.
1407 1858 1504 1888 unum}
1523 1865 1614 1881 amum
1637 1858 1676 1881 C·
1691 1858 1873 1889 reperiantur.
1889 1857 1923 1880 M

100 1916 111 1922 -
130 1905 230 1928 cannis
251 1904 274 1928 C
291 1916 302 1921 -
321 1901 373 1936 set]
393 1905 419 1927 et
441 1904 463 1927 C
479 1903 514 1926 ed
533 1903 569 1926 M
582 1916 613 1920 —-
633 1902 658 1926 8.
678 1902 767 1935 capud
788 1902 938 1926 revelverit
959 1903 981 1926 C
998 1915 1030 1919 —
1050 1908 1123 1933 9-10.
1144 1901 1283 1932 inteiligit
1305 1902 1327 1926 C
1344 1901 1378 1924 ed
1397 1901 1433 1924 ,11
1446 1913 1478 1918 -
1502 1907 1539 1923 ιο.
1566 1900 1657 1923 caules
1683 1899 1707 1922 V
1721 1912 1731 1916 -
1750 1899 1875 1922 cuculum
1898 1900 1921 1923 C

101 1959 133 1964 —
156 1952 195 1970 11.
214 1947 385 1977 compatrem
406 1946 514 1968 asInum
534 1946 561 1968 et
581 1945 696 1968 arietem
715 1946 838 1975 quesivit
858 1942 1010 1977 [quaesivit
1032 1942 1075 1974 M]
1096 1944 1119 1969 C
1135 1944 1169 1966 ed
1186 1944 1222 1967 ΑΙ
1238 1955 1248 1961 -
1267 1943 1427 1966 eorumdum
1457 1942 1502 1965 V-
1517 1941 1672 1973 propagine
1688 1942 1751 1966 ί·-
1771 1947 1855 1964 12—20.
1870 1939 1920 1963 Re-

99 1988 275 2012 cordemini.
287 2003 309 2011 ..
322 2005 327 2011 .
347 1987 497 2011 consedere
517 1987 571 2017 (che
590 1988 622 2010 do
641 1987 733 2018 qm‘ndi
749 1987 856 2011 secondo
876 1987 898 2010 il
917 1990 981 2010 testo
1000 1987 1029 2009 a'i
1047 1987 1086 2013 ill,
1102 1987 1222 2016 ponendo
1242 1985 1267 2008 r'n
1288 1989 1347 2008 nola
1370 1986 1395 2008 le
1421 1985 1543 2007 varianti
1566 1984 1596 2007 di
1621 1984 1653 2014 C)
1679 1992 1725 2006 om.
1753 1984 1778 2006 Ι)
1800 1991 1813 2006 e
1847 1983 1870 2005 1⁷
1889 1995 1920 2000 —

103 2037 187 2062 12-13.
205 2029 359 2054 emanuelis
382 2028 405 2053 G
422 2043 453 2046 —
475 2036 515 2061 13.
535 2037 628 2054 curere
651 2030 672 2053 C
692 2042 722 2045 —-
745 2036 784 2060 ¹4·
804 2030 883 2053 scitis
904 2029 986 2052 velud
1008 2031 1091 2051 naute
1113 2028 1136 2052 C
1156 2041 1183 2045 -—
1209 2029 1248 2051 16.
1267 2028 1394 2058 spartina
1416 2027 1438 2050 C
1456 2039 1463 2043 -
1484 2027 1556 2049 bone
1577 2026 1599 2050 C
1618 2039 1647 2042 -
1679 2024 1764 2055 16-17.
1789 2031 1920 2048 ancoram

101 2071 262 2097 constantie
283 2072 306 2096 C
323 2084 355 2089 --
378 2077 417 2102 17.
436 2071 556 2095 bonacia
577 2072 600 2095 C
615 2084 623 2088 -
641 2072 818 2102 contingerit
839 2072 862 2095 C
879 2083 911 2088 —-
932 2077 973 2094 20.
994 2070 1114 2094 molibus
1135 2070 1158 2094 C
1177 2083 1207 2088 —
1223 2076 1264 2092 21.
1278 2069 1323 2092 die
1338 2070 1377 2094 C·
1391 2068 1595 2092 descidemtum
1613 2067 1635 2090 C
1648 2081 1677 2083 —
1695 2073 1735 2090 22.
1749 2067 1876 2090 lactitiae
1891 2067 1926 2089 ,11

102 2127 111 2132 -
130 2115 158 2138 et
177 2113 271 2137 aliena
290 2121 338 2137 om.
366 2114 410 2138 V·
431 2113 531 2144 vestri]
551 2114 641 2137 nostri
664 2114 687 2138 C
705 2127 736 2130 —
758 2120 799 2144 ²3·
819 2114 997 2136 constantiae
1018 2113 1052 2136 M
1067 2125 1075 2129 -
1094 2112 1272 2135 resonabitur
1301 2111 1323 2134 Γ
1338 2124 1345 2128 -
1370 2108 1560 2141 benedicetur}
1585 2109 1762 2133 benedictum
1790 2109 1825 2131 ri!
1845 2121 1853 2125 -
1878 2106 1922 2140 cx]

101 2156 135 2180 de
163 2156 188 2184 V,
209 2156 232 2179 C
249 2157 282 2179 ed
299 2156 336 2179 M
351 2169 382 2172 —
403 2162 444 2186 ²4·
464 2156 541 2186 Depo
560 2156 770 2187 generationem
789 2163 871 2187 segue
889 2155 915 2178 in
936 2156 979 2178 M:
1001 2154 1069 2186 Cap.
1089 2154 1160 2178 XlV.
1198 2154 1265 2185 Spes
1291 2153 1375 2176 allata
1397 2152 1589 2176 Anconitanis
1614 2150 1713 2182 [questo
1733 2151 1806 2174 titolo
1832 2158 1923 2173 manca

102 2199 128 2223 in
149 2199 178 2229 C,
198 2199 243 2222 clre
261 2206 323 2222 reca
342 2198 434 2222 iuvece
453 2199 478 2222 lo
496 2198 587 2228 spazr‘o
606 2198 724 2221 relativo
743 2198 769 2221 in
789 2196 892 2229 bianco]
913 2210 946 2214 —
966 2203 1007 2227 25.
1027 2195 1125 2220 Graeci
1148 2197 1184 2219 M
1199 2208 1208 2212 -
1229 2195 1345 2218 multum
1368 2195 1392 2219 C
1408 2207 1418 2211 -
1437 2194 1579 2218 audatiam
1601 2195 1624 2218 C

187 2298 196 2316 ¹
216 2299 343 2332 Vangelo
363 2300 391 2324 di
413 2298 438 2324 S.
459 2298 548 2328 LUCA,
563 2300 609 2330 Vl,
625 2305 674 2331 44:
691 2299 897 2332 “unaquaeque
911 2300 986 2324 enim

99 2341 112 2354 ¹¹
123 2342 207 2367 arbor
221 2342 254 2366 de
268 2343 361 2366 fructu
375 2349 426 2366 suo
440 2343 623 2373 cognoscitur
636 2351 665 2373 ης
680 2341 853 2366 similrnente
866 2341 892 2366 S.
906 2341 986 2365 MAT-

99 2391 165 2414 τεο,
184 2384 244 2414 XII,
265 2391 307 2416 33,
326 2391 340 2408 e
359 2384 396 2409 cf.
415 2384 504 2408 anche
523 2384 572 2412 In„
593 2383 653 2413 VII,
676 2390 761 2416 r7-r9.

186 2424 197 2441 ²
216 2425 337 2450 Osserva
358 2426 378 2450 il
399 2426 546 2451 Gaudenzi
565 2425 622 2458 (Un
640 2426 748 2450 secondo
769 2429 835 2450 testo
854 2433 916 2453 ecc.‚
929 2427 988 2454 cit„

99 2476 125 2501 p.
149 2468 209 2500 161)
234 2469 283 2492 che
308 2470 398 2500 questi
426 2469 575 2501 paragorii.
600 2468 670 2493 tolti
696 2469 742 2492 dai
769 2468 890 2492 costumi
915 2467 988 2492 delle

97 2511 188 2535 bestie
207 2518 221 2535 e
234 2512 316 2535 tanto
331 2512 472 2535 numerosi
488 2510 688 2542 specialmcnte
704 2511 733 2533 in
748 2511 847 2541 questo
861 2510 988 2534 discorso

99 2553 144 2578 del
165 2554 258 2586 legato
272 2560 365 2585 greco,
381 2560 452 2577 sono
465 2553 567 2577 dovuti
582 2552 749 2576 all’influsso
764 2551 791 2575 di
805 2552 987 2582 Cassiodoro,

100 2594 126 2618 le
144 2594 190 2618 cui
217 2594 313 2618 Variae
332 2601 418 2618 erano
436 2594 589 2626 adoperate
609 2593 683 2617 nelle
709 2593 804 2617 scuole
829 2593 875 2617 dei
901 2594 987 2617 retori

101 2636 262 2669 bolognesi.

187 2675 198 2693 ³
224 2678 338 2708 Iam-zm„
364 2679 496 2707 Lament.,
521 2677 569 2709 IV,
600 2685 627 2702 1:
657 2676 669 2690 ‘¹
685 2678 713 2701 in
743 2677 837 2709 capite
862 2678 988 2701 omnium

104 2720 117 2734 ¹⁴
127 2721 282 2753 platearum
295 2739 320 2752 η.

188 2760 198 2777 ⁴
218 2760 230 2772 “
243 2778 251 2786 .
261 2779 267 2785 .
280 2780 285 2785 .
297 2780 303 2785 .
314 2763 342 2786 et
368 2762 435 2786 licet
461 2763 526 2786 sitis
537 2779 544 2786 .
556 2780 562 2786 .
575 2779 581 2786 .
594 2779 599 2786 .
626 2761 765 2793 regimina
785 2761 950 2785 consistunt
960 2771 989 2791 „z

101 2810 168 2836 pare
187 2810 242 2827 una
261 2804 507 2828 contraddizione.
538 2804 624 2827 Bone.
642 2803 727 2827 fonde
740 2804 865 2827 tuttavia
881 2803 926 2826 nel
939 2809 990 2826 suo

101 2852 243 2877 paragone
262 2846 450 2878 somiglianza
468 2853 482 2870 e
501 2846 658 2874 difl'erenza,
680 2847 709 2869 in
728 2848 835 2876 quanto
855 2845 896 2876 gli
920 2852 991 2868 asse—

103 2886 184 2917 diati,
202 2893 230 2910 se
249 2887 272 2910 si
292 2893 418 2918 possono
436 2887 617 2911 considerare
636 2893 714 2910 come
734 2886 884 2918 naviganti
901 2887 930 2909 in
945 2886 991 2909 ba-

103 2928 144 2952 lla
161 2928 234 2953 delle
247 2929 330 2958 onde,
344 2929 378 2953 da
392 2930 483 2960 questi
498 2929 678 2953 differiscono
692 2927 802 2960 poiche,
815 2928 992 2960 possedendo

102 2977 206 2995 ancora
225 2970 247 2996 il
265 2971 382 3002 timone,
400 2978 578 2996 conservano
598 2978 704 3002 sempre
724 2971 745 2994 il
771 2977 898 3002 governo
919 2970 992 2994 della

1042 2306 1118 2322 nave.

1128 2338 1139 2355 ⁵
1159 2339 1309 2363 Allusione
1328 2339 1355 2362 al
1376 2338 1515 2371 prosslmo
1534 2338 1630 2361 arrivo
1649 2337 1835 2360 dell'esercito
1855 2335 1924 2358 libe-

1042 2385 1132 2406 ratore
1152 2381 1181 2405 dl
1201 2380 1364 2413 Guglielmo
1383 2380 1566 2404 Mart-hesella
1585 2385 1599 2402 c
1624 2379 1696 2402 della
1721 2381 1849 2402 contessa
1874 2377 1925 2400 Al-

1042 2426 1139 2450 druda.

1129 2465 1139 2481 ⁶
1159 2466 1338 2498 Espressioni
1353 2465 1378 2494 (“
1391 2465 1545 2489 cantabitis
1560 2464 1701 2488 canticum
1718 2470 1831 2489 novum.
1842 2463 1924 2486 ...in

1045 2511 1142 2534 “terra
1163 2509 1278 2541 propria
1298 2510 1324 2532 et
1349 2508 1451 2535 aliena,
1479 2506 1727 2531 ....benedicetur
1754 2512 1852 2529 nornen
1880 2511 1925 2527 ve-

1045 2552 1155 2575 “strum
1175 2558 1210 2575 ex
1229 2558 1320 2582 gener.
1341 2551 1370 2574 in
1391 2557 1483 2581 gener.
1496 2550 1521 2579 ,,)
1541 2548 1590 2572 che
1610 2549 1758 2571 ricorrono
1774 2547 1926 2578 frequente-

1044 2596 1143 2621 mente,
1163 2601 1215 2617 con
1236 2593 1324 2617 molte
1342 2592 1476 2620 varianti,
1491 2591 1564 2615 nella
1578 2590 1687 2620 Bibbia,
1700 2591 1790 2622 specie
1805 2588 1928 2612 nell'An·

1043 2637 1101 2661 tico
1121 2635 1310 2659 Testamento.

1130 2676 1140 2692 '¹
1161 2678 1189 2701 1³.
1209 2684 1250 2709 37,
1270 2677 1289 2701 l.
1310 2684 1382 2709 25-p.
1403 2683 1444 2708 39,
1464 2676 1482 2700 l.
1506 2682 1534 2706 5:
1560 2675 1583 2698 Il
1610 2674 1737 2698 discorso
1762 2672 1806 2696 del
1833 2672 1927 2704 legato

1044 2719 1176 2744 conforta
1196 2719 1237 2749 gli
1264 2719 1450 2743 Anconitani.
1471 2717 1519 2741 che
1539 2716 1702 2739 deliberano
1723 2714 1749 2738 di
1772 2714 1899 2745 seguirne
1918 2713 1928 2736 i

1045 2762 1178 2792 consigli.
1216 2761 1342 2784 Entrano
1363 2760 1453 2783 allora
1473 2760 1502 2782 in
1530 2756 1599 2782 uitta
1626 2757 1791 2788 messaggerl
1819 2755 1862 2778 dei
1887 2756 1928 2778 tre

1045 2804 1178 2827 cittadini
1195 2803 1301 2826 inviati
1317 2803 1343 2825 in
1360 2809 1437 2825 cerea
1453 2801 1479 2824 di
1495 2800 1627 2824 soccorsi.
1643 2806 1656 2822 e
1676 2803 1854 2828 consegnano
1873 2802 1928 2819 una

1046 2846 1146 2869 lettera
1161 2846 1330 2868 contenente
1344 2842 1517 2867 esortazioni
1537 2841 1593 2865 alla
1613 2841 1774 2864 resistenza.
1794 2835 1893 2869 poich'e
1907 2838 1927 2860 il

1044 2887 1151 2919 grande
1170 2887 1289 2910 esercito
1305 2885 1455 2908 liberatore
1474 2882 1488 2907 ‘e
1506 2882 1552 2915 gia
1574 2884 1686 2914 pronto.
1724 2881 1767 2904 Ma
1782 2878 1928 2903 cristiano

1046 2928 1152 2951 ricorre
1171 2927 1348 2957 all’inganno
1370 2932 1383 2947 e
1405 2925 1431 2948 fa
1451 2924 1596 2956 pervenire
1610 2922 1668 2953 agli
1681 2920 1859 2944 Anconitani
1874 2926 1928 2942 una

1049 2969 1120 2994 salsa
1141 2969 1249 2999 lettera,
1270 2968 1297 2990 in
1313 2967 1358 2992 cui
1373 2967 1394 2990 si
1417 2966 1444 2989 sa
1464 2966 1523 2989 dire
1543 2965 1568 2987 ai
1590 2966 1631 2987 tre
1651 2962 1784 2987 cittadini
1807 2960 1930 2985 suddetti

1951 2299 1985 2324 30

1953 2509 1984 2535 35

1956 2716 1989 2742 4⁰

1958 2926 1988 2951 45
