2287 3466
138 297 164 321 Ρ,
180 302 217 320 15⁰
228 303 241 315 v

254 1420 284 1436 10

252 1630 280 1654 15

247 2260 281 2282 30

248 2471 278 2495 35

247 2679 280 2703 40

247 2892 277 2916 45

1038 162 1426 198 BONCOMPAGNI

1974 171 2026 204 [A.
2049 172 2138 205 1173]

322 293 335 308 “
351 297 400 322 est
423 291 587 322 Dominus
603 290 651 322 et'
674 290 892 323 miserebitur
907 292 1008 324 vestri
1025 291 1043 324 ¹.
1067 291 1240 325 sustinete
1257 293 1360 336 igitur
1376 299 1410 326 et
1426 301 1575 337 pugnate
1592 295 1746 334 viriliter,
1763 297 1925 339 quoniam
1941 297 1976 329 in
1992 297 2138 329 maximo

322 346 335 361 ‘⁴
349 343 536 375 certamine
560 343 752 385 triumphus
775 344 884 386 glorie
909 345 1104 387 acquiritur,
1130 351 1164 377 et
1187 346 1244 388 qui
1269 357 1336 378 non
1361 347 1493 386 desistit
1510 358 1656 385 currere,
1673 348 1853 380 bravium²
1876 350 2000 392 recipit
2014 360 2138 392 perop-

321 399 334 413 “
348 402 465 427 tatum.
512 395 548 427 Si
572 396 697 427 famem
722 397 910 437 patiemini,
935 403 969 429 et
992 398 1122 429 utiliter
1137 399 1383 441 pugnaveritis,
1400 399 1496 431 vobis
1513 400 1721 432 redundabit
1737 401 1781 433 ad
1797 402 1952 444 gloriam:
1977 403 2137 445 quoniam

321 450 334 464 “
349 449 459 490 gulosi
476 455 510 480 et
526 448 613 480 ebrii
631 450 822 482 effeminati
836 456 870 482 et
885 451 1120 492 pusillanimes
1144 453 1371 493 reperiuntur.
1395 452 1588 494 Temptetis
1601 452 1612 469 ³
1629 453 1753 485 etenim
1771 464 1984 497 quecumque
2003 455 2138 487 comedi

322 504 500 542 “possunt‚
526 502 606 543 quia
637 512 747 540 omne,
779 504 872 545 quod
902 504 939 534 in
970 513 1007 535 os
1037 504 1149 542 intrat,
1181 505 1215 536 in
1246 511 1403 536 ventrem
1434 506 1540 545 vadit,
1572 512 1606 538 et
1636 517 1700 548 per
1730 517 1899 539 secessum
1935 508 2134 540 emittitur⁴.

318 555 331 570 “
348 554 463 591 Porro,
486 555 515 585 si
537 561 676 595 pactum
700 555 853 587 feceritis
870 566 947 588 cum
965 557 1186 595 cancellario,
1202 563 1333 589 tantum
1350 558 1500 590 servabit
1516 559 1676 600 positum,
1693 569 1870 602 quousque
1887 561 1997 602 ipsum
2013 563 2140 602 poterit

319 607 406 639 “sub
430 607 574 638 alicuius
598 608 778 640 iuramenti
802 609 939 640 vinculo
962 609 1092 641 violare
1107 613 1128 640 ⁵.
1174 609 1291 642 Nolite
1317 611 1433 652 itaque
1457 611 1592 643 mittere
1615 618 1809 653 serpentem
1840 612 1876 644 in
1899 614 1984 651 sinu,
2008 624 2136 645 murem

320 660 381 690 “in
405 669 534 701 peram,
558 660 675 701 lupum
699 661 734 692 in
759 661 858 700 ovile,
883 662 1077 693 adulterum
1110 672 1187 694 cum
1212 663 1360 705 virgine:
1395 663 1476 705 quia
1507 664 1596 695 male
1625 672 1846 697 remunerant
1876 666 2029 707 hospites
2051 676 2138 698 suos.

320 715 333 729 ‘⁸
349 712 437 743 Nam
460 713 527 744 hoc
558 713 713 754 probavi,
738 714 804 746 hoc
829 714 1067 756 experimento
1092 716 1209 754 didici,
1234 716 1328 758 quod
1352 727 1429 748 raro
1453 722 1567 757 potest
1590 717 1677 748 inter
1699 717 1843 749 Latinos
1866 724 1900 750 et
1922 719 2137 750 Teutonicos

318 769 331 783 “
346 767 502 807 perfecta
526 766 666 798 dilectio
690 767 839 798 inveniri
851 770 873 798 ⁶.
921 768 1203 800 Reminiscamini
1227 770 1363 801 tandem
1388 770 1534 801 maxime
1558 770 1653 801 urbis
1676 770 1870 802 Mediolani
1884 770 1905 808 ⁷,
1929 783 2030 814 quam
2054 772 2136 803 Fre-

317 823 330 836 “
344 819 481 851 dericus
503 820 692 861 imperator
714 821 888 853 modernis
910 822 1122 863 temporibus
1146 834 1221 854 cum
1247 823 1450 855 Lombardis
1474 834 1536 864 per
1559 823 1775 865 septennium
1790 823 1801 840 ⁸
1824 825 1977 862 obsedit3
2002 831 2036 857 et
2060 836 2136 857 cum

314 874 326 888 “
343 883 417 904 eam
433 883 502 905 non
526 880 640 915 posset
661 874 696 905 vi
720 874 833 916 aliqua
856 885 1066 917 expugnare,
1082 875 1143 907 sub
1167 876 1348 908 occasione
1365 883 1542 918 pactorum
1567 876 1634 908 fuit
1650 876 1772 908 civitas
1794 879 1930 919 penitus
1952 879 2136 915 destructa,

402 997 423 1013 1.
445 989 544 1022 vestri]
565 991 655 1014 nostri
679 991 700 1013 C
717 992 751 1014 ed
769 992 805 1014 M
819 1005 829 1009 -
851 992 938 1023 igitur
956 1000 1005 1016 om.
1028 992 1050 1015 C
1067 994 1100 1016 ed
1118 994 1154 1016 M
1169 1006 1178 1010 -
1199 994 1310 1017 utiliter
1335 996 1359 1017 (ι’
1377 1007 1407 1011 --
1430 1001 1453 1017 2.
1472 994 1582 1025 gloriae
1602 995 1637 1017 M
1651 1007 1661 1011 -
1681 995 1855 1024 accquiritur
1877 994 1899 1017 C
1916 1007 1925 1012 -
1946 1002 2038 1019 curere
2062 995 2084 1018 C
2101 1008 2133 1013 -

309 1040 332 1063 3.
354 1032 478 1055 viriliter
501 1032 523 1055 C
540 1034 573 1056 cd
592 1034 626 1056 M
642 1046 650 1050 -
672 1033 846 1057 redumdabit
866 1035 892 1057 P
911 1048 941 1050 —
962 1042 985 1063 4.
1006 1035 1111 1065 gulossi
1136 1035 1158 1058 C
1173 1048 1181 1052 -
1194 1036 1342 1059 efeminati
1362 1036 1403 1058 V·
1418 1036 1616 1067 pusillamines
1635 1036 1667 1060 V:
1682 1036 1893 1067 pussilianimes
1911 1036 1951 1060 C—
1964 1038 2079 1061 tentetis
2098 1037 2133 1066 V;

311 1075 463 1097 Tcrencius
487 1074 519 1103 C}
539 1074 688 1098 Terentius
708 1076 745 1098 ill
760 1088 768 1092 -
788 1075 834 1099 Ad
850 1077 953 1099 etenim
974 1077 1163 1108 illaggiunge
1176 1077 1286 1108 inquit:
1302 1092 1331 1095 —
1348 1086 1402 1109 4-5.
1421 1078 1615 1109 quodcumque
1635 1078 1743 1101 comedi
1764 1080 1865 1109 potest,
1885 1079 1952 1109 quia
1965 1086 2046 1102 omne
2059 1079 2133 1109 quod

314 1117 342 1139 in
363 1124 393 1139 os
413 1117 538 1140 mittitur
560 1116 582 1139 C
599 1118 632 1140 ed
649 1118 686 1141 M
701 1129 731 1133 —
753 1125 776 1148 5.
796 1116 838 1150 os]
857 1118 907 1141 hos
927 1119 965 1145 P;
986 1119 1075 1142 intrat
1096 1120 1124 1141 in
1145 1126 1175 1142 os
1201 1119 1225 1142 V
1239 1132 1248 1136 -
1268 1118 1416 1152 secessum]
1435 1127 1529 1143 sexum
1554 1119 1576 1142 C
1593 1133 1600 1137 —
1621 1121 1765 1144 amittitur
1789 1120 1854 1143 V—
1875 1119 1899 1144 6.
1919 1121 1942 1144 A
1963 1121 2088 1152 positum
2102 1122 2140 1144 Jll

312 1158 454 1189 agg-iunge
474 1161 585 1189 pactum
606 1171 615 1176 -
635 1159 739 1190 ipsum]
760 1160 895 1191 populum
919 1159 942 1182 C
959 1174 990 1176 —
1010 1160 1065 1191 6-7.
1085 1168 1230 1192 quousque
1249 1162 1385 1193 populum
1406 1162 1512 1193 poterit
1531 1163 1687 1194 subjugare,
1713 1164 1739 1185 et
1764 1162 1918 1194 juramenti
1939 1163 2054 1186 vincula
2072 1164 2132 1186 vio—

311 1201 368 1223 lare
388 1201 424 1223 M
441 1213 470 1217 -
492 1206 514 1230 7.
534 1201 645 1224 Nollite
664 1208 732 1233 ergo
757 1201 782 1224 V
796 1214 805 1219 -
827 1209 895 1233 synu
920 1202 942 1224 C
961 1215 989 1219 —
1011 1209 1035 1233 9.
1055 1203 1100 1226 Ad
1122 1203 1176 1226 hoc
1203 1204 1323 1234 probavi
1354 1204 1381 1231 V,
1410 1203 1433 1226 C
1449 1205 1482 1227 ed
1500 1205 1711 1233 Aspremetlouo
1730 1204 1783 1227 hoc
1805 1205 1862 1227 vidi
1886 1217 1916 1221 —
1939 1211 1978 1228 10.
1999 1202 2132 1237 perfecta]

310 1249 374 1265 vera
401 1243 424 1264 (ι’
441 1255 449 1259 -
470 1242 599 1266 dillectio
624 1242 645 1265 C
663 1255 672 1260 —
692 1244 806 1274 reperiri
832 1243 854 1266 C
871 1245 904 1267 ed
922 1245 974 1267 fll-
993 1242 1118 1277 tandem]
1138 1245 1233 1276 itaque
1256 1245 1279 1268 C
1295 1246 1328 1269 ed
1341 1247 1393 1269 M-
1409 1247 1547 1269 maximae
1562 1247 1639 1269 M*
1656 1253 1743 1270 10-11.
1757 1245 1906 1270 Federicus
1926 1246 1990 1269 V-
2007 1253 2045 1270 11.
2060 1246 2133 1270 Lon-

310 1284 404 1307 bardis
426 1285 460 1311 Ρ;
481 1284 648 1308 Lumbardis
673 1285 695 1308 C
710 1297 721 1302 —
740 1292 788 1317 per
807 1294 855 1309 om.
881 1286 905 1308 V
922 1300 951 1302 —
975 1292 1013 1310 12.
1034 1287 1145 1317 penItus
1166 1295 1213 1310 om.
1234 1288 1269 1311 M

399 1370 407 1386 ¹
424 1373 435 1384 ‘¹
447 1373 591 1396 Sustinete
604 1374 779 1398 modicum..
792 1392 797 1397 .
809 1391 814 1397 .
829 1376 856 1398 et
871 1374 1050 1397 miserebitur
1064 1375 1152 1398 vestri
1165 1384 1191 1406 „:

311 1414 337 1437 la
359 1415 431 1437 srase
450 1414 483 1437 ha
506 1415 690 1438 intonazione
719 1416 832 1444 biblica,
862 1414 968 1440 benche
998 1416 1073 1440 nella
1094 1417 1193 1440 Bibbia

312 1463 367 1479 non
389 1457 411 1479 si
433 1457 509 1479 trovi
531 1458 648 1488 proprio
668 1458 796 1481 testuale.

397 1497 406 1512 ²
440 1498 452 1510 “
463 1499 592 1522 bravium
607 1517 629 1530 η,
661 1500 673 1511 “
688 1500 818 1523 brnbeum
832 1518 854 1530 „,
887 1502 898 1513 ‘⁷¹
911 1501 1038 1524 brabium
1051 1519 1064 1531 n
1098 1500 1192 1532 (greco

312 1540 323 1551 ‘¹
335 1539 470 1572 βραβεῖον
480 1539 523 1569 „lt
545 1541 558 1553 “
570 1543 677 1573 premio
692 1542 765 1565 della
782 1543 901 1566 vittoria
914 1561 936 1573 η,
950 1545 1127 1574 soprattutto
1149 1544 1193 1566 nei

309 1583 426 1613 giuochi
441 1583 579 1614 pubbliri3
595 1583 688 1607 donde
703 1585 845 1608 l'italiano
861 1585 972 1608 “bravo
985 1602 1007 1611 ...
1046 1586 1194 1609 Nell'Ami-

309 1624 372 1648 citio
393 1624 447 1655 (ed.
464 1625 521 1653 cit„
542 1633 569 1656 p.
589 1624 646 1657 55):
671 1630 680 1638 *⁴
695 1627 727 1649 ad
748 1626 875 1650 bravium
908 1627 1104 1659 accipiendum
1131 1635 1192 1651 cur-

312 1667 506 1696 “rel›at„....
522 1668 678 1691 “bravium
700 1669 857 1699 promeruit
878 1670 998 1701 adipisci
1012 1687 1024 1699 n
1087 1687 1092 1693 .
1111 1671 1121 1682 ¹¹
1135 1670 1193 1693 bra-

310 1710 320 1721 “
335 1709 410 1732 vium
431 1710 555 1733 contulit
566 1728 577 1739 „
591 1729 595 1734 .
608 1728 614 1733 .
626 1728 649 1734 ..
673 1712 823 1735 “bravium
856 1713 1004 1744 optincbat
1019 1731 1030 1742 ,,
1043 1731 1047 1735 .
1059 1730 1065 1736 .
1075 1730 1080 1735 .
1094 1732 1099 1737 .
1122 1713 1192 1743 “qui

311 1751 322 1763 ⁸
333 1752 462 1775 bravium
483 1753 645 1784 optinuerat
660 1773 670 1783 ,,
738 1756 748 1766 “
763 1762 804 1777 me
818 1755 946 1777 bravium
962 1756 1105 1785 accepisse
1116 1773 1128 1785 ῃ
1143 1755 1192 1786 (cf.

308 1794 334 1817 S.
353 1793 464 1823 PAOLO,
485 1795 536 1823 Ep.
558 1796 576 1817 l
590 1796 627 1818 ad
647 1796 803 1824 Corinthios,
823 1804 849 1827 9,
864 1802 911 1827 24:
932 1797 944 1809 ‘¹
957 1804 1052 1819 omnes
1078 1798 1190 1827 quidem

311 1835 323 1847 “
335 1838 458 1863 currunt.
479 1837 611 1860 sedunus
631 1838 737 1868 accipit
757 1838 884 1861 bravium
896 1839 930 1869 „).

658 1879 715 1903 cosi
739 1881 764 1903 l>
782 1889 795 1903 e
810 1881 981 1904 similmente
997 1882 1023 1910 (Η
1038 1883 1154 1905 tentetis
1168 1880 1191 1912 ,,)

317 1921 346 1946 Γς
368 1927 410 1943 ma
433 1922 455 1943 (J
466 1921 500 1944 ha
513 1922 724 1952 propriamcnte
740 1921 752 1933 ‘¹
765 1922 915 1946 Terentius
932 1941 953 1951 „,

396 1877 405 1891 ³
426 1878 595 1910 “temptetis
608 1889 636 1909 1,;

968 1926 1074 1946 mentre
1088 1924 1114 1946 al
1131 1924 1191 1947 Mu·

309 1963 398 1986 ratori
420 1962 448 1986 fu
469 1963 609 1994 imputato
624 1964 651 1986 di
673 1971 738 1987 aver
757 1964 827 1988 letto
848 1972 864 1988 o
885 1967 1008 1989 corretto
1022 1966 1095 1988 male
1116 1965 1127 1977 ‘⁴
1140 1965 1190 1989 Te-

311 2005 323 2016 “
336 2005 467 2035 rentius„
489 2005 538 2035 (cf.
558 2013 605 2036 per
624 2013 660 2029 es.
681 2006 913 2036 VARRENTRAPP,
933 2010 972 2036 op.
993 2008 1046 2036 cit..
1067 2016 1090 2040 p.
1115 2015 1162 2039 117
1178 2016 1191 2032 e

311 2054 374 2078 ¹¹9³
396 2048 562 2075 GAuuithi,
582 2048 660 2071 Sulla
680 2049 832 2080 cronelagt'a
859 2056 922 2077 ecs..
946 2050 1004 2077 cit..
1026 2057 1069 2082 pp.
1093 2050 1190 2081 158-9),

307 2089 508 2120 aggiungentlo
523 2090 570 2120 poi
584 2090 832 2114 arbitrariamente
846 2098 883 2114 un
907 2093 918 2102 ‘¹
930 2092 1023 2122 inquit
1035 2109 1059 2121 η,
1079 2100 1092 2114 e
1108 2094 1191 2116 stam-

308 2131 400 2161 pamio
422 2130 450 2153 in
471 2132 585 2154 corsivo
607 2131 631 2154 la
654 2131 725 2154 frase
751 2130 811 2154 cosi
833 2132 981 2156 attrilmita
1002 2133 1026 2156 al
1049 2135 1130 2164 poeta
1151 2134 1190 2156 la-

308 2173 383 2195 tino:
405 2171 416 2183 ‘¹
429 2173 601 2203 quodcumque
615 2174 812 2203 coneedipotest
885 2174 1066 2202 Isiiberhard,
1082 2175 1131 2198 che
1146 2175 1189 2198 nel

310 2213 375 2243 1898
395 2213 555 2237 collaziono
573 2216 600 2244 (2,
622 2216 775 2239 riconobbe
797 2217 846 2240 che
867 2216 984 2240 l’aeeusa
1004 2215 1018 2240 ὲ
1039 2217 1190 2240 infondata

307 2255 479 2285 (EBERHARD
501 2257 528 2278 in
550 2257 661 2279 Neues
681 2258 830 2287 Archiv,
851 2258 939 2281 xxvi
961 2256 1061 2290 [1901]‚
1088 2267 1114 2290 p.
1140 2257 1189 2289 763

307 2304 319 2319 e
342 2305 367 2320 n.
389 2298 425 2325 2).
462 2297 572 2321 D'altra
593 2301 673 2330 parte
693 2299 767 2322 nelle
787 2300 940 2323 commedio
960 2301 988 2323 ‹li
1008 2301 1148 2324 Tercnzio
1169 2300 1189 2323 il

307 2345 390 2369 passo
412 2346 467 2361 non
489 2339 512 2361 si
532 2341 624 2368 trova,
645 2338 678 2363 ne
699 2342 726 2364 io
747 2348 818 2364 sono
839 2342 958 2365 riuscito
979 2350 991 2365 τι
1006 2341 1137 2366 trovarvi
1151 2340 1190 2364 al-

307 2386 361 2402 cun
382 2381 513 2410 pensiero
535 2381 638 2404 simile.

396 2420 405 2435 ⁴
426 2421 448 2444 Il
471 2429 553 2453 passo
568 2422 593 2453 (⁴⁴
606 2424 680 2454 quod
702 2431 854 2448 omne....

309 2464 385 2493 quasi
408 2465 606 2488 testualmente
620 2464 666 2488 dal
688 2465 818 2496 Vangelo
838 2466 867 2489 di
887 2466 913 2490 S.
935 2467 1051 2495 Matieo,
1072 2466 1132 2496 XV,
1151 2473 1189 2498 17,

307 2511 321 2527 e
350 2505 602 2529 sostanzialmente
631 2506 718 2529 anche
744 2507 790 2530 dal
821 2507 948 2538 Vangclo
975 2508 1002 2531 di
1029 2508 1056 2532 S.
1085 2508 1189 2537 Marco,

308 2547 368 2574 VII,
390 2553 428 2578 19,

394 2587 404 2603 ⁵
426 2589 482 2612 Pur
503 2596 557 2613 non
579 2591 686 2613 osando
713 2593 818 2614 mutare
838 2592 866 2615 la
885 2591 996 2615 lezione
1021 2592 1066 2615 dei
1086 2593 1189 2620 codici,

308 2638 365 2654 non
387 2638 457 2662 nego
472 2632 561 2655 chela
582 2633 693 2656 lezione
707 2634 733 2656 di
750 2634 820 2663 ssl(“
832 2641 976 2665 quousque
996 2634 1170 2666 populum...
1182 2651 1188 2658 .

310 2672 322 2684 “
336 2672 450 2696 vincula
469 2673 615 2704 violare„)
635 2682 738 2706 appare
758 2673 807 2705 piu
827 2676 922 2698 chiara
942 2683 955 2698 e
975 2678 1096 2700 sensata.

395 2711 406 2727 ὃ
424 2713 566 2738 Notevole
584 2716 880 2746 quest’ali'ermazione,
902 2725 944 2740 ma
965 2725 1020 2740 non
1041 2719 1124 2740 unica
1144 2718 1187 2740 del

882 2425 1024 2448 emittitur
1037 2425 1062 2455 „)
1082 2423 1096 2448 ὲ
1114 2425 1189 2449 tolto

307 2763 406 2787 genere
427 2757 501 2787 negli
524 2759 615 2781 scritti
637 2759 663 2781 (li
679 2758 767 2782 Bone.
786 2766 800 2782 e
820 2759 962 2783 tuta'altro
974 2759 1024 2783 che
1039 2767 1099 2783 rara
1114 2760 1187 2783 nella

307 2800 402 2822 nostra
423 2800 591 2823 letteratura
612 2801 794 2830 medioevale,
814 2801 901 2824 anche
921 2801 1141 2825 anteriormente
1160 2802 1186 2825 al

307 2840 412 2864 Nostro
441 2840 488 2871 (cf.
518 2842 550 2865 V.
573 2841 659 2872 ΟΙΑΝ,
684 2843 709 2866 ΙΙ
728 2843 819 2866 “latin
840 2852 941 2874 sangae
958 2844 1087 2875 gentile„
1111 2852 1123 2867 e
1143 2844 1155 2856 “
1166 2845 1189 2867 il

310 2881 415 2912 “surm
434 2883 463 2905 di
481 2883 553 2906 lassi.
567 2901 578 2912 „
597 2884 687 2912 prima
712 2885 757 2907 del
781 2885 926 2913 l’etrarcn,
949 2892 981 2907 ne
1000 2883 1044 2907 La
1069 2885 1186 2908 Lettu-

309 2931 351 2953 ra,
372 2925 463 2956 luglio
487 2931 560 2956 1905,
576 2934 588 2949 e
604 2926 708 2957 meglio
730 2927 802 2950 nelle
823 2928 904 2950 Mem
917 2929 968 2951 ori
980 2935 994 2950 e
1012 2929 1029 2951 δ
1041 2929 1137 2950 toric
1147 2928 1186 2951 he

1246 1375 1291 1399 Fo
1305 1375 1424 1406 rogiul
1439 1376 1516 1405 iesi,
1537 1375 1575 1399 111
1595 1374 1697 1408 [1907],
1712 1384 1756 1408 pp.
1777 1374 1896 1407 97-105).
1933 1376 2030 1400 Scrive
2048 1376 2134 1400 Bone.

1246 1418 1443 1449 nell‘operetta
1464 1419 1561 1442 Palma
1581 1418 1634 1448 (ed.
1653 1418 1779 1448 Suum-R,
1798 1419 1856 1447 cit„
1872 1426 1898 1449 p.
1915 1418 1988 1449 123):
2007 1417 2132 1442 “Teuto-

1249 1458 1260 1470 ‘¹
1274 1460 1332 1483 nici
1354 1467 1401 1491 per
1422 1460 1542 1483 furorem
1555 1477 1576 1484 ..
1588 1477 1609 1483 ..
1629 1467 1645 1483 a
1659 1461 1791 1491 plurimis
1812 1460 1996 1489 deridentur„
2013 1459 2040 1490 (“
2052 1461 2079 1483 la
2093 1462 2133 1484 te-

1250 1502 1261 1513 “
1273 1502 1355 1525 desca
1377 1501 1506 1532 rabbia,‚,
1532 1502 1550 1525 il
1572 1501 1583 1513 ¹⁴
1599 1502 1685 1533 popol
1707 1509 1790 1525 senza
1805 1502 1884 1533 legge
1897 1520 1922 1531 η,
1944 1502 1955 1514 “
1969 1502 1989 1525 il
2007 1502 2085 1525 furor
2105 1501 2134 1525 di

1250 1544 1262 1557 ‘¹
1274 1542 1348 1567 lassu
1361 1563 1373 1574 „
1395 1542 1516 1567 scrivera
1537 1546 1585 1575 poi
1606 1545 1628 1567 il
1648 1544 1790 1570 Petrarca,
1806 1546 1834 1568 in
1850 1547 1996 1568 contrasto
2011 1544 2056 1568 col
2074 1544 2135 1568 “la-

1250 1587 1316 1609 “tin
1345 1593 1450 1618 sangue
1478 1586 1586 1617 gentile
1598 1590 1636 1616 „l3
1657 1594 1670 1609 e
1697 1586 1895 1610 nell’Amicitia
1923 1585 1977 1618 (ed.
2006 1587 2134 1609 NATHAN

1248 1629 1304 1656 cit.y
1319 1636 1343 1660 p.
1359 1628 1417 1660 87):
1437 1628 1530 1651 “Item
1546 1628 1697 1652 Lombardi
1713 1636 1771 1652 non
1786 1631 1902 1661 propter
1915 1628 2132 1652 Alexandrino-

1249 1672 1330 1694 “rum
1352 1668 1543 1703 amicitialml.
1563 1673 1604 1693 set
1624 1671 1658 1693 ob
1679 1671 1775 1694 odium
1794 1671 2018 1694 Teutonicorum
2040 1672 2066 1693 et
2087 1677 2132 1701 pa-

1249 1715 1260 1724 ¹*
1274 1714 1326 1736 trie
1352 1713 1512 1736 libertatem
1542 1712 1748 1736 Alexandriam
1778 1713 1964 1736 defenderunt
1977 1722 2006 1743 1,;
2034 1720 2082 1743 per
2107 1713 2134 1736 le

1247 1756 1329 1778 citaz.
1351 1755 1384 1777 da
1398 1755 1464 1777 altri
1487 1755 1615 1777 scrittori
1630 1755 1668 1778 mi
1688 1753 1815 1778 limitet-‹³›
1829 1755 1862 1778 ad
1879 1762 1914 1778 un
1931 1761 2011 1778 verso
2026 1754 2054 1777 di
2071 1754 2133 1777 Pie-

1246 1798 1290 1820 tro
1311 1796 1344 1819 da
1365 1796 1446 1820 Eboli
1476 1796 1500 1826 (“
1515 1797 1705 1819 'reutonicam
1734 1797 1837 1820 rabiem
1864 1799 1926 1827 quis
1946 1797 2066 1820 tolerare
2087 1803 2133 1828 po-

1248 1838 1260 1850 “
1271 1839 1378 1869 test?‚‚l
1392 1839 1424 1862 cd
1446 1839 1500 1862 alle
1514 1839 1586 1862 altre
1599 1839 1772 1871 espressioni
1787 1839 1928 1863 ricordate
1948 1841 1982 1862 (la
2000 1839 2030 1862 E.
2045 1837 2129 1861 Rom

1247 1882 1275 1903 in
1297 1882 1393 1911 questa
1415 1881 1551 1908 Raccolla,
1572 1882 1592 1904 t.
1612 1880 1710 1911 XXX[‚
1733 1883 1811 1912 parte
1831 1887 1850 1909 1,
1871 1888 1916 1912 pp.
1938 1887 2008 1912 :3-4‚
2023 1883 2090 1904 nota
2106 1880 2131 1903 al

1246 1931 1270 1946 v.
1289 1929 1333 1946 121
1350 1923 1397 1954 (cs.
1412 1923 1500 1946 anche
1516 1922 1635 1951 mcum,
1651 1924 1833 1953 Forsclmuffcn
1848 1925 1905 1951 cit.,
1921 1923 1953 1953 11,
1971 1930 2016 1955 pp.
2033 1922 2129 1954 266-9;

1247 1966 1377 1992 ΝονΑΤι,
1408 1965 1548 1997 I,’t'r{,'lusso
1574 1965 1619 1988 del
1632 1966 1757 1994 pensiero
1778 1966 1862 1988 latino
1886 1969 1966 1995 sopra
1986 1966 2014 1988 Iu
2034 1965 2131 1988 civiltiz

1246 2009 1306 2032 ital.
1327 2009 1372 2032 dcl
1390 2017 1421 2031 m.
1441 2017 1471 2035 e..
1492 2009 1519 2030 2·
1533 2009 1583 2037 ecl¹⁷
1600 2008 1718 2037 Milano,
1740 2009 1853 2040 Hoepli,
1870 2007 1944 2038 1899,
1960 2015 2004 2040 pp.
2020 2014 2129 2039 204-211

1246 2058 1259 2073 e
1274 2049 1382 2081 2:832:
1398 2049 1619 2078 Gnmomcumr,
1634 2053 1673 2079 op.
1688 2051 1742 2078 cil.⁷
1757 2058 1802 2082 pp.
1818 2049 1917 2081 244-7).
1938 2050 1983 2073 Ma
1996 2050 2041 2073 nei
2056 2050 2130 2081 passi

1247 2093 1274 2115 di
1295 2093 1381 2115 Bone.
1406 2090 1420 2115 ὲ
1442 2092 1515 2115 forse
1535 2092 1622 2115 anche
1651 2092 1721 2114 l'eco
1740 2091 1785 2115 del
1812 2092 1936 2115 dissidio
1957 2093 2029 2115 assai
2058 2091 2132 2115 forte

1244 2136 1287 2157 tra
1307 2134 1411 2157 scolari
1432 2133 1546 2156 italiani
1567 2140 1581 2156 e
1601 2133 1723 2157 tedesclii
1746 2134 1821 2157 dello
1847 2134 1951 2157 Studio
1975 2134 2131 2164 bolognese

1236 2175 1267 2207 -(c
1274 2176 1291 2199 f.
1306 2174 1473 2201 (human-21,
1488 2176 1513 2198 ll
1523 2179 1669 2198 monastero
1683 2176 1712 2199 di
1726 2177 1879 2199 ,Vonantola
1891 2182 1957 2204 ecc„
1977 2175 2021 2199 nel
2037 2176 2056 2199 Β
2066 2175 2101 2198 ul
2113 2175 2130 2198 1.

1244 2217 1500 2241 dell‘Istituto
1520 2217 1723 2245 Stor.1tal.,
1744 2216 1783 2241 n.⁰
1804 2224 1834 2240 22
1856 2216 1958 2249 (1901),
1972 2224 2017 2249 pp.
2035 2215 2131 2248 189-90

1245 2266 1257 2281 e
1279 2266 1303 2281 n,
1326 2258 1362 2286 2).

1331 2297 1341 2313 7
1366 2299 1538 2322 All’assedio
1563 2306 1576 2321 e
1603 2299 1659 2322 alla
1685 2299 1864 2323 distruzione
1891 2299 1918 2322 di
1948 2299 2058 2322 Milano
2084 2299 2129 2322 nel

1248 2341 1312 2364 1162
1331 2341 1366 2363 ha
1385 2338 1433 2372 gia
1451 2343 1607 2364 accennato
1631 2342 1713 2364 Bone.
1736 2341 1774 2372 (p.
1797 2346 1837 2372 15,
1860 2341 1877 2364 1.
1899 2340 1966 2372 7-9),
1986 2341 2130 2365 mettendo

1244 2384 1273 2407 in
1295 2383 1399 2407 rilicvo
1419 2383 1508 2406 l'odio
1530 2384 1574 2407 dei
1595 2382 1717 2406 Comuni
1739 2384 1843 2407 minori
1863 2390 1911 2414 per
1932 2383 1958 2406 la
1978 2383 2129 2414 metropoli

1244 2426 1390 2449 lombarda
1410 2433 1423 2448 e
1444 2426 1468 2448 le
1488 2433 1681 2457 eonseguenze
1707 2426 1845 2449 dell’odio
1871 2428 1978 2455 stesso3
2005 2426 2052 2456 qui
2073 2425 2130 2456 egli

1244 2467 1354 2490 ricorda
1375 2467 1429 2490 tale
1449 2469 1653 2491 avvcnimento
1667 2474 1745 2491 come
1758 2467 1890 2498 episodio
1903 2466 2129 2498 significantissi-

1244 2517 1288 2532 mo
1308 2509 1351 2532 del
1371 2511 1518 2533 contrasto
1538 2512 1581 2533 tra
1602 2509 1629 2533 la
1649 2507 1750 2533 civilta
1770 2509 1860 2533 latina
1881 2517 1894 2532 e
1913 2509 1940 2532 la
1960 2510 2130 2540 germanica.

1330 2549 1340 2565 ³
1363 2552 1435 2582 “per
1461 2553 1665 2582 septennium„
1692 2552 1790 2575 hanno
1816 2552 1885 2575 tutti
1912 2551 1922 2574 i
1947 2551 2059 2575 codici:
2084 2559 2129 2575 rna

1244 2593 1375 2617 l’assedio
1395 2593 1423 2617 di
1447 2594 1556 2617 Milano
1578 2601 1635 2617 non
1655 2592 1727 2617 duro
1747 2593 1796 2617 che
1816 2595 1887 2617 sette
1913 2594 1990 2621 mesi,
2017 2600 2065 2624 per
2084 2594 2129 2617 cui

1243 2636 1266 2659 si
1280 2635 1420 2659 dovrebbe
1435 2642 1551 2666 pensare
1565 2636 1598 2659 ad
1613 2643 1650 2659 un
1665 2643 1758 2658 errore
1772 2635 1847 2667 degli
1863 2636 2038 2663 amanuensi,
2051 2642 2129 2658 come

1242 2679 1272 2701 in
1293 2678 1422 2708 “septem
1443 2679 1554 2707 annis„
1576 2684 1624 2709 per
1655 2678 1668 2690 ‘⁴
1682 2679 1786 2709 septem
1811 2684 1940 2708 menses„
1969 2677 2056 2700 anche
2081 2685 2129 2708 per

1243 2720 1269 2743 la
1289 2720 1388 2743 durata
1408 2719 1589 2743 dell'assedio
1615 2719 1643 2742 di
1669 2719 1788 2743 Ancona
1816 2720 1846 2742 in
1869 2719 1922 2742 fine
1947 2719 1991 2742 del
2018 2718 2080 2743 cod.
2107 2720 2130 2743 C

2165 773 2202 803 10

2163 1508 2196 1533 50

2161 1722 2192 1747 55

2159 1921 2193 1946 60

2158 2346 2192 2372 70

2157 2557 2188 2584 75

1240 2760 1286 2793 (cs.
1307 2769 1332 2794 p.
1354 2767 1383 2792 55
1405 2769 1418 2785 e
1440 2769 1466 2785 n.
1485 2760 1521 2792 3),
1541 2769 1569 2784 se
1596 2761 1709 2785 l'errore
1730 2769 1786 2784 non
1807 2762 1829 2784 si
1851 2763 1981 2785 trovasse
2002 2761 2127 2792 ripetuto
2154 2759 2189 2783 80

1243 2806 1270 2827 in
1292 2806 1333 2827 tre
1352 2803 1423 2828 altre
1443 2804 1590 2830 cronache.
1611 2803 1660 2826 che
1680 2803 1704 2826 si
1724 2810 1847 2834 possono
1868 2803 1966 2826 vedere
1987 2803 2127 2827 ricordate

1242 2847 1276 2869 da
1297 2847 1329 2870 A.
1351 2846 1499 2874 Cotoneo,
1520 2847 1625 2870 Milano
1639 2849 1704 2869 sotto
1718 2845 1822 2877 I'egida
1842 2846 1887 2869 del
1901 2846 2052 2873 Carroccio.
2072 2845 2125 2869 Mi-

1241 2886 1318 2915 lano,
1339 2885 1505 2916 “Famiglia
1526 2885 1728 2917 Meneghina‚‚‚
1756 2890 1831 2916 1935,
1852 2893 1876 2916 p.
1903 2884 1944 2916 65.
1982 2885 2005 2908 11
2026 2886 2127 2909 Berna-

1242 2928 1285 2952 bei
1305 2930 1357 2958 (op.
1376 2928 1430 2956 c1'l.‚
1449 2935 1475 2959 p.
1495 2929 1538 2958 43)
1559 2929 1648 2959 ripete
1668 2927 1791 2952 l'errore.
