2282 3502
125 167 175 204 [Α.
198 168 289 203 1173]
632 165 783 200 LIBER
814 166 882 200 DE
911 165 1187 202 OBSlDIONE
1216 167 1438 203 ANCONE
1926 170 1942 206 7

123 294 284 337 princeps
307 294 445 327 minima
468 302 625 327 vereatur
648 296 693 327 ad
717 302 861 338 tempus,
887 307 928 327 ne
955 297 1075 338 perdat
1101 303 1215 339 caput.
1239 299 1326 329 sicut
1359 297 1567 330 iioloierneu
1598 308 1659 339 per
1689 308 1823 329 manum
1858 298 1946 329 ludit

122 347 225 380 vidue
249 346 361 379 amisit
376 347 396 378 ¹.
441 347 608 390 Troia[ni]
634 358 694 390 per
720 349 885 380 Helenam
912 356 944 381 et
968 349 1246 391 Cartaginiennes
1270 361 1330 391 per
1354 350 1545 392 superbiam
1578 351 1673 382 suere
1705 351 1747 381 ad
1780 350 1945 382 nichilum

122 401 266 434 redacti.
313 401 420 433 Iulius
442 401 549 434 Cesar
572 401 700 434 devicit
724 402 992 440 Alamanniam,'
1016 410 1048 434 et
1073 403 1191 446 Scipio
1216 403 1396 440 Aiiricnm,
1422 402 1526 434 unde'
1543 403 1653 435 dicius
1670 410 1720 435 ent
1737 403 1944 435 Assricanus.

121 453 220 487 Titus
243 458 277 486 et
300 453 532 495 Vespasianus
556 461 623 486 tam
648 455 706 487 diu
731 455 915 487 Ierusalem
941 462 1014 497 post
1038 463 1179 488 mortem
1205 456 1332 488 Christi
1357 456 1565 487 obsederunt
1579 456 1599 492 ¹,
1616 467 1792 499 quousque
1810 456 1942 498 plenam

79 506 98 540 5
121 506 271 540 habuere
297 506 491 547 victoriam,
514 514 547 539 et
572 508 606 539 in
630 509 793 549 triumphi
816 509 950 551 signum
978 509 1116 541 archam
1142 509 1280 545 federis.
1305 519 1453 540 mennam
1479 509 1722 550 propositionis
1751 515 1785 540 et
1816 510 1944 541 cande-

60 774 97 807 10
120 773 259 806 fuerunt
282 772 416 814 sculpte
441 773 651 815 principales
674 774 821 806 victorie
845 774 1079 806 Romanorum
1094 773 1114 805 ⁸.

63 1343 94 1362 10

63 1553 92 1580 ις

60 1763 94 1782 ²0

61 1974 92 2000 ²5

60 2185 95 2210 30

61 2395 93 2423 ³⁵

62 2605 96 2629 4⁰

63 2814 95 2842 45

121 560 252 594 labrum
277 570 414 591 aureum
439 561 649 593 reduxerunt
673 561 715 592 ad
742 560 889 598 Urbem
915 561 1005 594 unde
1031 562 1247 604 postmodum
1274 563 1388 594 {actus
1412 568 1460 594 est
1485 572 1583 593 arcun
1615 562 1828 603 triumphalis
1852 563 1944 594 iuxta

122 613 350 648 cartularium
365 612 387 649 ³.
411 614 445 645 in
470 624 536 656 quo
561 615 731 652 universa,
755 625 821 657 que
847 615 993 656 predixi,
1016 622 1096 648 sunt
1119 616 1152 646 iu
1178 626 1344 647 marmore
1376 615 1518 657 sculpta.
1566 615 1663 647 Alius
1697 626 1777 647 vero
1808 626 1908 647 arcun
1921 616 1944 653 ⁴,

123 667 224 709 longe
247 666 428 708 pretiosior
453 666 521 704 illo,
546 674 595 699 est
618 668 713 710 quani
738 667 948 700 collateralis
971 668 1108 700 Coliseo
1122 668 1144 706 ⁹,
1169 668 1202 700 in
1227 679 1294 709 quo
1319 669 1478 700 sculturis
1501 668 1650 699 mirificis
1673 668 1947 710 Cartaginiennin

122 719 233 763 prelia
255 719 485 752 continentur.
531 721 602 752 Sed
626 720 740 762 plures
763 721 987 763 triumphales
1010 731 1109 752 arcus
1125 727 1202 753 sunt
1219 721 1328 753 Rome
1354 727 1520 752 vetustate
1545 722 1748 762 connumpti.
1766 721 1798 752 in
1824 722 1946 763 quibua

1162 774 1333 806 Adrianus
1356 774 1494 817 quidem
1527 774 1712 815 imperator
1742 774 1774 804 iu
1807 775 1940 816 signum

211 909 234 927 ι.
254 903 371 927 mlnime
395 902 430 931 V:
451 904 569 927 minima
590 906 664 928 vetet
685 905 721 928 ii!
736 916 743 921 -
763 903 914 928 Oloscrnes
936 905 970 928 C:
990 904 1167 935 Oiophernes
1189 905 1222 928 M
1239 917 1246 922 -
1269 904 1362 928 iudith
1383 905 1406 928 C
1422 905 1456 927 ed
1475 905 1508 928 ΑΙ
1527 917 1554 920 —-
1577 910 1599 927 2.
1621 904 1719 927 vidua-.-
1736 904 1769 927 M
1787 916 1793 920 -
1815 905 1897 927 vidue
1917 908 1943 928 et

123 945 221 971 amisit
246 944 271 968 V
285 958 293 962 -
312 945 399 978 ΤΙ-ομ
419 952 467 977 per
485 946 628 973 Helenum.
648 947 675 969 et
695 946 837 977 Carthago
858 953 906 977 per
926 953 953 970 se
974 953 1021 978 per
1041 946 1198 978 superbiam
1221 947 1331 970 suerunt
1355 947 1388 970 M
1405 959 1413 963 -
1433 946 1545 969 {uerunt
1574 946 1597 969 C
1620 958 1627 963 -
1656 946 1776 969 nihilum
1813 946 1834 969 Γ
1854 947 1888 968 ed
1914 947 1947 969 M

123 1001 156 1006 —
175 994 199 1020 3.
220 987 348 1012 reductae
368 988 403 1012 M
419 987 535 1019 -Julius
555 988 658 1012 Caesar
677 988 711 1011 Al!
725 1000 735 1006 -
756 987 936 1012 Aluumninm
959 990 982 1014 C
998 1000 1009 1006 -
1030 988 1154 1011 Africam
1177 990 1200 1013 C
1218 989 1250 1011 ολ
1270 989 1303 1012 ,11
1326 1001 1333 1006 -
1360 987 1513 1011 Africanus
1534 987 1556 1010 C
1573 989 1606 1011 a!
1632 989 1666 1011 M
1686 1000 1707 1003 >-
1733 996 1756 1018 4.
1776 987 1870 1012 Titius
1893 988 1918 1011 I'
1936 1001 1943 1005 ·

120 1029 310 1062 Vespesinnus
341 1029 372 1057 V;
400 1030 588 1062 Vespatianus
611 1031 634 1055 C
650 1043 660 1048 -
680 1032 736 1055 tam
757 1030 806 1054 diu
825 1038 874 1054 om.
901 1031 924 1054 C
946 1043 955 1047 -
983 1034 1045 1062 post
1073 1033 1188 1054 mortem
1209 1031 1317 1054 Christi
1341 1030 1486 1054 ierusalem
1508 1030 1557 1059 {M
1573 1027 1757 1062 Hierusalem}
1778 1030 1942 1053 obsim-runt

125 1070 174 1104 [M
188 1070 370 1102 obsederunt}
392 1072 416 1096 C
432 1072 466 1095 ed
483 1072 519 1095 M
534 1085 567 1089 —
586 1077 609 1102 ς.
629 1072 803 1104 triumphum
826 1073 967 1103 insignem
989 1070 1046 1105 [om.
1070 1073 1093 1096 C
1117 1071 1267 1102 insignem}
1287 1072 1405 1103 sigerunt
1426 1079 1516 1095 arcam
1539 1072 1563 1096 C
1586 1072 1618 1094 ed
1638 1072 1672 1095 Ji!
1688 1084 1697 1089 -
1721 1071 1840 1095 foederis
1861 1072 1894 1095 M
1912 1084 1941 1088 -—

123 1113 149 1138 6.
167 1113 266 1138 archus
292 1113 318 1137 V’
331 1122 343 1137 α
364 1114 386 1138 C
404 1126 435 1131 —
458 1119 481 1144 7.
499 1114 589 1138 sculta
611 1115 634 1139 C
649 1127 658 1132 -
677 1114 775 1138 archus
800 1113 825 1136 V
839 1123 852 1137 e
873 1115 896 1139 C
913 1127 945 1132 —
966 1115 990 1138 ὃ.
1009 1117 1050 1138 est
1071 1114 1123 1138 illo
1143 1115 1220 1145 quasi
1245 1115 1267 1138 C
1284 1115 1318 1137 ed
1336 1115 1370 1137 M
1386 1126 1396 1131 -
1417 1114 1588 1137 colieterniis
1604 1114 1627 1138 C
1645 1126 1652 1130 ·
1673 1113 1800 1137 Collineo
1823 1113 1845 1136 C
1861 1114 1894 1136 ed
1914 1114 1947 1137 M

123 1169 132 1175 ·
154 1157 178 1182 C
193 1158 226 1180 ha
244 1156 382 1185 scritum,
402 1164 444 1180 ma
462 1158 490 1180 Ia
505 1158 605 1187 parola
624 1157 638 1180 ὸ
656 1158 805 1181 cancellata
825 1165 870 1180 con
889 1165 940 1180 una
960 1157 1070 1180 [ineerta
1089 1157 1250 1180 orizzontale
1269 1164 1282 1179 e
1301 1161 1417 1180 carrena
1436 1157 1463 1179 in
1484 1156 1605 1186 margine
1624 1164 1669 1179 con
1688 1155 1836 1180 nculturls:
1857 1155 1943 1179 scult-

123 1199 195 1223 turis
214 1199 250 1222 M
261 1202 313 1229 per
333 1199 454 1223 avidente
473 1207 566 1223 errore
585 1199 746 1231 lipograsico
765 1211 775 1216 -
795 1198 923 1222 mirificis
943 1207 991 1223 om.
1011 1199 1035 1223 C
1052 1199 1085 1222 ed
1103 1199 1138 1222 M
1154 1210 1164 1216 -
1183 1196 1398 1229 Cnrtaginentia
1422 1198 1453 1226 C;
1474 1197 1710 1228 Carthagincmia
1731 1198 1764 1221 dil
1782 1209 1812 1214 —
1826 1205 1851 1228 9.
1866 1204 1943 1228 proe-

122 1240 161 1264 lia
181 1241 218 1264 M
233 1253 242 1258 -
262 1240 362 1264 archus
386 1239 411 1263 V
424 1249 437 1264 a
459 1241 483 1265 C
499 1253 509 1258 -
528 1239 634 1264 Romae
654 1241 690 1264 Ji!
704 1253 712 1258 -
732 1241 872 1264 consumti
895 1241 931 1264 M
946 1253 978 1258 —
1001 1247 1038 1264 ιο.
1060 1240 1147 1264 sculte
1168 1240 1204 1269 (ἲς
1224 1241 1348 1272 sculptae
1369 1241 1404 1263 M
1419 1252 1429 1257 -
1451 1239 1588 1263 victoriae
1609 1240 1643 1263 M

208 1335 217 1353 ¹
237 1337 282 1362 Cf.
306 1337 402 1366 luam.
421 1337 437 1361 8
456 1345 515 1369 agg.
552 1337 714 1362 Olofernee
727 1337 861 1362 Giudltta
881 1345 952 1362 sono
967 1339 1001 1361 ri-

120 1380 231 1404 cordati
251 1380 338 1404 anche
360 1382 388 1404 in
409 1380 527 1412 seguito,
549 1387 576 1412 p.
595 1387 637 1412 42,
657 1380 687 1404 ll.
711 1387 795 1405 11·12.

207 1419 218 1436 ¹
238 1421 382 1446 L’assedlo
402 1422 430 1446 di
445 1421 655 1446 Gerusalemme
667 1420 682 1446 ὲ
696 1422 840 1446 ricordato
853 1423 942 1446 anche
957 1419 1005 1454 piu

121 1465 250 1494 innanzi,
269 1472 296 1496 p.
315 1471 358 1496 34,
377 1465 396 1489 1.
415 1471 439 1488 2.

207 1504 218 1522 ⁸
236 1505 336 1531 L’urco
353 1506 381 1531 dl
402 1506 471 1531 Tito
496 1507 524 1531 su
554 1508 739 1539 incorporato
768 1507 843 1531 nelle
873 1507 1005 1531 fortifica-

120 1549 199 1573 zionl
219 1549 264 1572 del
285 1548 466 1581 Frangipnne
485 1549 679 1580 asserrugllati
700 1556 796 1581 presso
818 1549 838 1572 il
863 1549 1005 1577 Palatino.

120 1592 163 1615 tra
183 1591 209 1615 le
227 1591 304 1622 quali
325 1591 526 1616 fortificazioni
555 1598 590 1615 va
615 1592 758 1616 ricordatn
782 1592 958 1623 soprattutto
979 1591 1005 1615 la

120 1634 196 1657 torre
215 1633 293 1657 detta
312 1632 485 1662 Cartularia,
506 1633 652 1657 innalzata
666 1635 708 1657 sui
725 1634 790 1657 resti
806 1633 835 1657 di
856 1641 892 1657 un
907 1633 1005 1657 antico

120 1674 241 1706 edificio,
263 1682 278 1699 a
297 1675 416 1699 sinistra
436 1675 464 1698 ‹li
485 1675 531 1699 chi
551 1675 597 1700 dal
618 1674 754 1700 Colosseo
770 1683 802 1699 va
823 1682 905 1699 verso
921 1674 1005 1698 l'arco

119 1716 151 1741 dl
170 1715 249 1745 Tito.
268 1716 313 1741 sul
327 1716 431 1749 pendio
451 1717 496 1741 del
518 1717 659 1745 Palatino.
679 1718 710 1742 ed
726 1718 808 1742 unita
827 1717 944 1741 au’nrco
958 1724 1006 1749 per

121 1765 216 1783 mezzo
235 1758 265 1783 di
282 1767 319 1783 un
341 1766 430 1789 muro,
451 1761 558 1784 mentre
577 1760 662 1784 l’arco
682 1762 772 1783 stesso
792 1767 882 1783 venne
904 1759 1005 1783 fortifi-

120 1802 184 1825 cato
203 1808 217 1825 e
231 1801 390 1832 congiunto
404 1808 458 1825 con
473 1801 547 1825 altro
563 1808 642 1826 muro
657 1802 713 1825 alla
726 1801 819 1825 chiesa
833 1801 861 1825 di
874 1801 900 1825 S.
915 1800 1005 1825 Maria

120 1841 219 1867 Nuova
230 1841 272 1874 (P.
286 1842 478 1871 COLAGRossx,
493 1843 680 1875 L'Anfiteatsv
696 1843 792 1867 Flavio
807 1844 850 1867 nei
861 1843 920 1866 suoi
932 1843 1007 1867 venti

120 1885 202 1910 secoli
219 1885 249 1908 di
272 1885 366 1913 storia,
392 1884 518 1914 Firenze,
543 1884 622 1911 Libr.
647 1885 696 1909 Ed.
725 1885 901 1913 Florentinn,
930 1891 1004 1916 1913,

121 1933 147 1958 p.
169 1925 239 1958 150).
276 1927 316 1951 La
333 1927 422 1956 torre,
449 1927 572 1951 secondo
591 1927 618 1951 la
641 1928 862 1952 testimonianza
883 1927 927 1950 del
947 1933 1005 1950 car-

121 1969 218 1993 dinale
236 1969 394 1993 Deusdedit
413 1968 461 2002 (cf.
480 1969 534 1993 Die
561 1970 835 2001 Kanonessammlung
853 1970 899 1993 des
918 1968 1006 1993 Kard.

122 2011 283 2040 Deusdedit,
301 2010 344 2034 ed.
363 2009 508 2040 Glanvell,
527 2009 548 2040 Ι,
567 2010 740 2039 Paderborn‚
760 2010 914 2042 Schoning‚
932 2017 1006 2042 1905,

121 2059 168 2084 pp.
187 2051 292 2085 353-7)‚
311 2052 430 2076 avrebbe
449 2054 556 2076 servito
576 2053 663 2076 anche
683 2061 697 2077 a
711 2052 855 2077 custodite
868 2059 917 2084 per
929 2053 1005 2083 quai-

120 2093 170 2118 che
190 2097 285 2126 tempo
305 2101 360 2118 una
380 2094 491 2126 piccola
512 2095 590 2126 parte
617 2094 819 2118 deli’archivio
845 2093 1006 2126 pontificio,

122 2135 164 2159 ivi
183 2137 360 2168 trasportato
386 2136 433 2160 dal
459 2136 579 2168 palazzo
598 2135 788 2160 Lateranense
807 2143 887 2159 verso
907 2136 933 2159 la
953 2135 1007 2159 fine

121 2177 166 2202 del
187 2178 281 2202 secolo
307 2177 354 2202 XI.
390 2177 516 2203 Ruinata
542 2179 587 2202 nel
614 2178 709 2202 secolo
735 2178 809 2207 xm,
839 2185 928 2202 venne
957 2175 1006 2209 plu

121 2219 195 2244 tardi
217 2220 390 2244 ricostruita.
427 2219 482 2249 Ma,
495 2228 632 2244 ummesso
645 2222 744 2252 questo
758 2228 809 2244 suo
823 2222 1006 2252 temporaneo

121 2268 172 2287 uso
192 2269 269 2286 come
287 2262 427 2290 archivio.
447 2269 503 2286 non
525 2263 549 2287 si
569 2263 665 2295 spiega
691 2261 790 2295 perche
809 2269 869 2286 essa
893 2262 1007 2286 dovesse

122 2304 245 2328 ricevere
271 2312 285 2328 e
305 2311 473 2328 conservare
492 2311 509 2328 a
534 2305 622 2337 lungo
643 2304 663 2328 il
691 2312 774 2330 nome
793 2304 821 2328 di
843 2303 1006 2328 Cartularla

122 2346 169 2376 (cf.
189 2346 219 2372 P.
239 2345 362 2375 Fanum,
383 2346 563 2378 Sull'origine
582 2347 627 2370 dei
644 2347 832 2378 Frangi'pane.
851 2346 881 2370 in
901 2345 1006 2370 Arch-

122 2387 223 2412 della
241 2387 276 2412 R.
295 2388 370 2413 Soc.
389 2387 482 2412 Rom.
503 2389 537 2412 di
552 2390 592 2412 st.
607 2396 643 2420 p.,
656 2387 776 2413 XXXIII
791 2386 893 2421 [19101.
907 2395 932 2420 p.
947 2394 1007 2419 495,

122 2431 211 2460 nota).
248 2431 282 2454 A.
311 2431 421 2455 Bartoli
449 2429 492 2464 (ΙΙ
518 2431 732 2456 Chartuiarium
757 2432 803 2456 del
820 2432 957 2459 Palatino,
978 2432 1007 2454 in

121 2471 233 2497 Rend.
255 2473 353 2497 della
383 2473 414 2497 R.
441 2473 520 2497 Ace.
548 2473 607 2497 dei
635 2472 828 2504 Lince1,c1.
848 2473 878 2497 di
898 2474 1007 2496 scienze

122 2515 226 2539 morali
246 2523 309 2543 ecc..
328 2515 400 2539 serie
420 2516 453 2544 V,
473 2515 530 2539 voi.
551 2521 603 2540 xxx
622 2513 723 2548 [1912l‚
739 2523 785 2547 pp.
806 2514 915 2547 767-72)
929 2515 1008 2538 crede

123 2557 223 2588 quindi
245 2558 386 2590 piuttosto
407 2557 596 2582 all’esistenza
617 2557 643 2581 di
668 2565 705 2581 uu
725 2557 838 2581 edificio
852 2557 887 2581 nd
901 2564 952 2581 uso
965 2564 1007 2581 ar-

122 2599 221 2624 cthio
247 2607 345 2631 presso
371 2599 458 2624 l'arco
483 2599 513 2624 di
539 2599 609 2624 Tito
636 2599 790 2632 nell'epoca
815 2599 973 2629 bizantina,
993 2606 1008 2623 e

122 2641 219 2672 spiega
237 2640 266 2665 la
285 2642 384 2673 parola
412 2641 663 2673 “chartularium„
686 2649 743 2665 non
773 2641 836 2665 solo
863 2647 941 2665 come
966 2648 1007 2664 ar—

121 2682 229 2712 chivio,
249 2690 293 2706 rna
312 2683 402 2707 anche
420 2691 498 2707 come
517 2683 628 2707 edificio
648 2683 760 2708 adibito
775 2683 809 2708 ad
823 2683 965 2707 archivio:
981 2683 1008 2707 la

122 2725 199 2748 torre
218 2731 276 2748 non
296 2725 417 2749 avi-ebbe
436 2726 492 2750 mai.
513 2727 641 2757 ospitato
666 2726 749 2749 alcun
775 2725 914 2752 archivio,
933 2732 948 2748 e
967 2732 1008 2748 sa-

123 2765 206 2790 rebbe
225 2768 298 2790 stata
318 2767 397 2791 detta
417 2766 580 2791 Cartularla
601 2768 663 2791 solo
679 2775 727 2799 per
746 2767 774 2791 la
792 2768 944 2791 vicinanza
963 2766 1008 2790 del

127 2807 327 2832 chartularium
347 2808 394 2841 (cs.
415 2810 503 2834 anche
521 2810 552 2834 E.
571 2808 644 2837 ΤΕΑ,
663 2810 705 2834 La
725 2817 801 2834 rocca
824 2809 870 2832 dei
888 2809 1009 2841 Frangi-

119 2850 189 2880 pam'
205 2851 264 2875 alla
297 2851 378 2879 Velia.
405 2852 434 2876 in
454 2852 560 2876 Arch.
588 2851 688 2875 della
713 2851 746 2875 R.
766 2851 839 2875 Soc.
858 2850 956 2875 Rom.
975 2851 1007 2874 di

123 2891 159 2915 di
179 2893 218 2916 st.
239 2899 274 2924 p.,
293 2892 382 2917 XLIV
401 2891 504 2926 [1921l,
523 2901 548 2925 p.
569 2896 640 2925 245).
677 2892 709 2916 In
729 2894 826 2924 questa
846 2895 922 2917 torre
935 2893 960 2917 si
973 2894 1009 2916 ri-

125 2931 214 2965 sugib,
234 2935 311 2958 sotto
326 2935 353 2959 la
372 2935 542 2967 protezione
561 2936 605 2959 dei
624 2935 812 2968 Frangipane,
832 2942 904 2967 papa
930 2935 1009 2958 Ales-

1056 1337 1159 1361 sundro
1179 1336 1217 1361 111
1232 1338 1275 1362 nel
1301 1336 1373 1368 ¹167.
1393 1336 1506 1368 quando
1526 1336 1614 1360 Roma
1636 1336 1664 1360 fu
1685 1343 1762 1368 presa
1782 1336 1826 1359 dal
1840 1335 1939 1359 Barba·

1060 1387 1136 1404 rossa
1157 1380 1293 1409 (Bosoxz.
1322 1380 1380 1403 l'ita
1399 1380 1474 1403 Alex.
1503 1379 1558 1408 ΙΙΙ,
1585 1379 1628 1402 nel
1654 1379 1735 1402 Liber
1762 1378 1939 1407 Pontificalu's.

1059 1423 1101 1446 ed.
1122 1422 1277 1449 Duchesne.
1297 1422 1330 1451 11,
1351 1430 1377 1453 p.
1402 1421 1467 1452 416:
1496 1421 1507 1432 ‘⁴
1520 1437 1541 1445 ..
1554 1439 1577 1445 ..
1592 1428 1653 1444 cum
1681 1420 1814 1444 frutribux
1836 1420 1893 1443 suin
1912 1423 1939 1443 et

1060 1465 1178 1488 “eorum
1200 1464 1320 1488 familiis
1346 1463 1379 1488 ad
1401 1466 1476 1487 tutas
1495 1463 1594 1486 domos
1615 1462 1809 1494 Fragapanum
1829 1462 1939 1486 descen-

1062 1506 1137 1534 “din
1156 1508 1182 1530 et
1203 1506 1274 1538 apud
1295 1508 1420 1529 sanctam
1442 1505 1559 1528 Mariam
1574 1504 1683 1529 Novam
1704 1507 1730 1528 et
1750 1502 1938 1527 Cnrtulnriam

1059 1549 1168 1579 “atque
1196 1547 1346 1572 Coloseum
1367 1555 1395 1571 se
1421 1554 1481 1571 cum
1507 1548 1548 1570 eis
1573 1547 1602 1570 in
1623 1549 1686 1570 tuto
1716 1547 1859 1577 recepit„·‚
1881 1544 1938 1568 Ro-

1060 1595 1179 1614 ΜυΑιυο
1205 1590 1421 1617 ὃΑιιειιΝιτ-Λκο,
1453 1589 1603 1615 chronicon.
1625 1589 1653 1611 in
1682 1587 1849 1614 Munna-u.
1877 1587 1938 1611 RR.

1063 1633 1100 1656 ΙΙ.
1118 1632 1180 1661 SS„
1199 1631 1258 1659 vu.
1278 1638 1372 1655 nuova
1391 1632 1442 1661 ed..
1464 1639 1490 1662 p.
1505 1629 1569 1661 256:
1593 1631 1604 1642 ‘⁴
1618 1629 1778 1653 Alexander
1798 1636 1878 1660 papa.
1891 1630 1938 1660 qui

1061 1674 1152 1698 “tunc
1176 1675 1205 1698 in
1225 1673 1296 1697 turri
1323 1673 1484 1698 Cartularie
1511 1671 1718 1702 mornbntur„).
1737 1678 1785 1702 per
1812 1671 1935 1694 ritlrnni

1060 1717 1108 1748 poi
1127 1724 1143 1740 a
1163 1716 1333 1740 Benevento.

1146 1759 1245 1783 L‘arco
1264 1759 1291 1782 di
1316 1757 1384 1782 Tito
1412 1758 1439 1782 iu
1465 1756 1667 1790 parzialmente
1697 1755 1816 1779 liberato
1836 1754 1880 1778 nel
1901 1762 1939 1778 se-

1059 1801 1124 1825 colo
1138 1799 1189 1825 XV
1208 1800 1243 1823 dn
1261 1800 1337 1824 Sisto
1358 1798 1394 1823 1v
1408 1807 1422 1823 e
1443 1799 1487 1822 nei
1502 1798 1566 1822 >ux
1579 1797 1613 1821 da
1630 1797 1682 1821 Pio
1697 1796 1746 1820 Vll
1768 1796 1833 1825 (Cu.
1848 1796 1939 1820 liuzi.-

1058 1849 1120 1870 suffl.
1142 1843 1168 1866 ΙΙ
1186 1842 1255 1865 Foro
1271 1842 1396 1870 Romano,
1410 1840 1508 1868 Roma,
1523 1839 1669 1865 Locscher.
1687 1844 1761 1869 1903,
1772 1845 1817 1870 pp,
1832 1844 1908 1869 ²09·¹
1919 1844 1938 1867 ι,

1059 1891 1112 1908 con
1133 1883 1159 1907 la
1178 1883 1312 1915 bibliogr.
1333 1883 1374 1906 ivi
1395 1882 1464 1911 cit.).
1503 1882 1547 1905 Ad
1567 1888 1628 1905 esso
1647 1888 1767 1904 acca-nna
1789 1880 1871 1902 Bone.
1892 1887 1940 1902 an-

1059 1926 1108 1950 che
1129 1925 1298 1949 nell'Oliva:
1324 1926 1411 1948 “nam
1437 1923 1526 1948 Rome
1550 1924 1578 1946 in
1605 1930 1669 1947 arcu
1695 1920 1872 1952 triumphali,
1891 1921 1937 1952 qui

1062 1968 1129 1992 “est
1147 1969 1226 1992 iuxta
1247 1967 1446 1996 Cartulariam,
1468 1966 1513 1990 ubi
1536 1965 1618 1989 archa
1639 1964 1740 1988 sederis
1759 1966 1801 1987 est
1820 1963 1940 1987 inferius

1060 2011 1114 2035 “in
1135 2017 1273 2035 marmore
1293 2010 1392 2039 sculta,
1413 2009 1535 2041 lapideis
1554 2011 1594 2032 est
1615 2008 1705 2031 literis
1725 2008 1874 2038 scriptum:
1894 2005 1940 2030 Se-

1061 2054 1168 2077 “natus
1188 2053 1363 2084 populusque
1382 2052 1533 2080 Romanus,
1553 2052 1581 2074 et
1601 2057 1656 2073 non
1679 2049 1734 2073 (uit
1754 2049 1792 2072 ibi
1814 2049 1939 2079 positum

1059 2096 1071 2109 “
1086 2095 1203 2127 aliquod
1224 2095 1361 2124 verbum„
1383 2094 1441 2123 (cit.
1455 2093 1489 2116 da
1509 2093 1634 2121 ὃυττειι,
1652 2096 1692 2122 op.
1713 2092 1767 2120 cit,
1787 2098 1813 2122 p.
1835 2089 1869 2122 7).

1147 2136 1158 2152 ⁴
1178 2137 1275 2161 L'arco
1295 2136 1325 2160 di
1345 2136 1525 2162 costantino.
1545 2134 1630 2158 alato
1644 2134 1687 2157 del
1701 2133 1847 2159 Colosseo.
1867 2132 1938 2155 assai

1061 2179 1164 2210 meglio
1185 2181 1351 2202 conservato
1371 2177 1504 2201 dell’arco
1524 2176 1551 2200 di
1573 2176 1650 2205 Tito.
1669 2174 1814 2198 anch'esso
1833 2172 1878 2204 gir}
1893 2180 1939 2205 ap-

1061 2222 1224 2252 partenente
1243 2221 1269 2243 ni
1291 2219 1468 2251 Frangipane
1487 2225 1502 2242 e
1522 2219 1705 2249 incorporato
1720 2216 1792 2240 nelle
1807 2215 1868 2239 loro
1884 2215 1941 2238 sor·
1970 2220 1982 2226 ’-

1061 2263 1227 2290 tificazioni.
1246 2262 1280 2286 da
1291 2263 1335 2285 eui
1358 2261 1387 2285 su
1407 2262 1528 2285 liberato
1548 2260 1592 2283 nel
1615 2259 1690 2290 1804.
1727 2258 1772 2282 Mn
1793 2265 1822 2281 su
1837 2257 1866 2280 di
1879 2263 1941 2280 esso

1061 2306 1168 2328 invano
1188 2305 1210 2328 si
1231 2303 1446 2327 cercherebbero
1459 2302 1486 2326 le
1506 2301 1766 2334 roppresentazioni
1787 2299 1860 2323 delle
1880 2299 1942 2322 bat·

1061 2346 1148 2378 taglie
1162 2346 1333 2377 cartaginesi
1353 2344 1464 2376 (guerre
1484 2342 1630 2375 puniche):
1651 2343 1672 2365 si
1693 2344 1779 2365 tratta
1799 2340 1828 2364 di
1848 2347 1884 2363 un
1899 2347 1941 2362 er-

1061 2395 1124 2412 rore
1143 2388 1256 2411 curioso
1275 2394 1289 2410 e
1309 2389 1406 2410 strano
1425 2385 1454 2409 di
1475 2386 1705 2416 Boncompagno.

1148 2428 1158 2442 ⁵
1178 2429 1275 2453 Anche
1301 2436 1349 2461 per
1368 2427 1396 2451 la
1421 2427 1530 2451 lezione
1556 2425 1719 2455 “Colise0„
1741 2424 1777 2448 cs.
1797 2423 1826 2447 Ρ.
1849 2422 1941 2447 Com.-
1970 2426 1983 2433 ·

1062 2477 1170 2500 Gir-0⁵51,
1183 2475 1225 2501 op.
1237 2471 1290 2498 cit..
1305 2477 1350 2502 pp.
1367 2469 1472 2501 135-46.
1493 2469 1545 2492 Del
1560 2467 1696 2492 Colosseo
1712 2467 1739 2490 sa
1753 2473 1843 2490 cenno
1857 2466 1942 2489 Bone.

1063 2514 1260 2538 nell’Amicitia
1280 2512 1333 2545 (ed.
1353 2513 1410 2539 cit..
1431 2520 1456 2544 p.
1473 2518 1518 2543 50:
1534 2511 1569 2535 cf.
1589 2510 1714 2537 δυττεκ,
1734 2514 1774 2540 op.
1794 2510 1847 2537 cit,
1866 2515 1891 2540 p.
1906 2506 1942 2537 6).

1148 2554 1160 2571 ⁶
1179 2556 1262 2580 Nella
1283 2556 1391 2579 metor.
1411 2555 1506 2579 noviss.
1526 2553 1582 2586 (ed.
1604 2555 1662 2582 cit.,
1682 2560 1708 2584 p.
1728 2550 1797 2582 284).
1817 2549 1844 2574 la
1869 2551 1943 2573 dove

1061 2600 1150 2623 tratta
1170 2599 1181 2609 ‘¹
1195 2598 1228 2622 de
1248 2597 1523 2628 transumptiouibus
1543 2602 1595 2626 que
1614 2595 1683 2618 fiunt
1703 2601 1751 2625 per
1766 2593 1903 2624 imagines
1915 2594 1942 2615 et

1064 2640 1248 2673 “sculpturas
1261 2659 1282 2670 ,„
1303 2639 1388 2663 Bone.
1409 2640 1514 2671 precisa
1542 2638 1634 2669 questi
1663 2636 1741 2660 archi
1768 2635 1876 2658 romani
1898 2633 1942 2657 nel

1062 2689 1178 2706 numero
1198 2682 1225 2705 di
1247 2681 1341 2705 dodici
1364 2681 1406 2708 (“.
1419 2699 1424 2704 .
1437 2699 1441 2703 .
1454 2681 1545 2703 .sicut
1565 2678 1712 2703 manifeste
1731 2679 1808 2708 patet
1828 2677 1856 2699 in
1876 2675 1943 2698 duo-

1064 2725 1179 2748 “decim
1209 2724 1327 2748 arcubus
1355 2722 1576 2753 triumphalibus
1590 2720 1626 2751 ,),
1650 2725 1773 2744 accenna
1793 2726 1807 2741 a
1827 2719 1878 2741 due
1897 2724 1944 2740 co—

1062 2767 1150 2791 lonne
1170 2767 1267 2789 invece
1287 2766 1335 2789 che
1350 2765 1405 2789 alia
1420 2764 1479 2788 sola
1498 2764 1620 2787 colonnn
1635 2763 1662 2786 di
1677 2761 1802 2785 Traiano
1822 2760 1847 2791 (¹¹
1863 2778 1868 2782 .
1880 2777 1885 2782 .
1897 2777 1902 2782 .
1917 2761 1944 2782 et

1065 2809 1078 2821 “
1089 2809 1195 2833 duabus
1209 2808 1422 2832 memorialibus
1434 2806 1575 2830 columnis
1589 2805 1618 2828 in
1634 2804 1701 2828 urbe
1715 2809 1830 2826 romana
1842 2802 1867 2831 „)
1882 2808 1896 2824 e
1908 2800 1942 2824 ad

1063 2858 1118 2875 una
1138 2851 1261 2874 colonna
1279 2847 1326 2882 gisi.
1340 2850 1472 2872 esistente
1489 2856 1502 2871 a
1517 2845 1755 2877 costantinopoli
1774 2845 1800 2875 (⁸
1812 2862 1817 2867 .
1829 2862 1834 2867 .
1847 2862 1852 2866 .
1871 2844 1899 2866 et
1914 2843 1943 2866 in

1064 2893 1076 2906 ‘⁴
1089 2893 1220 2916 columna
1239 2899 1292 2923 que
1312 2890 1566 2921 Constantinopoli
1589 2889 1643 2912 fuit
1657 2888 1687 2911 ln
1702 2887 1843 2911 Pedronio
1857 2884 1944 2908 nrtiii-

1063 2935 1076 2947 “
1087 2935 1132 2958 cio
1147 2935 1218 2957 miro
1239 2934 1413 2957 constructa.
1424 2950 1428 2955 .
1439 2948 1459 2956 ..
1471 2932 1512 2962 „):
1527 2930 1701 2957 cs.Su1·1·i-.-r‹,
1715 2933 1755 2959 op.
1767 2928 1821 2955 cin,
1834 2934 1880 2959 pp.
1893 2924 1944 2957 67.

1968 1382 2001 1406 50

1969 1592 1998 1617 55

1970 2631 2004 2654 So
