<?xml version="1.0" encoding="UTF-8"?>
<!DOCTYPE html PUBLIC "-//W3C//DTD XHTML 1.0 Transitional//EN"
    "http://www.w3.org/TR/xhtml1/DTD/xhtml1-transitional.dtd">
<html xmlns="http://www.w3.org/1999/xhtml" xml:lang="en" lang="en">
 <head>
  <title>
</title>
<meta http-equiv="Content-Type" content="text/html;charset=utf-8" />
  <meta name='ocr-system' content='tesseract 3.04.00' />
  <meta name='ocr-capabilities' content='ocr_page ocr_carea ocr_par ocr_line ocrx_word'/>
</head>
<body>
  <div class='ocr_page' id='page_1' title='image "./p3rerumitalicaru06murauoft_0115.png"; bbox 0 0 2282 3502; ppageno 0'>
   <div class='ocr_carea' id='block_1_1' title="bbox 59 787 96 818">
    <p class='ocr_par' dir='ltr' id='par_1_1' title="bbox 59 787 96 818">
     <span class='ocr_line' id='line_1_1' title="bbox 59 787 96 818; baseline -0.027 0"><span class='ocrx_word' id='word_1_1' title='bbox 59 787 96 818; x_wconf 88' lang='lat'>10</span> 
     </span>
    </p>
   </div>
   <div class='ocr_carea' id='block_1_2' title="bbox 58 1051 94 1084">
    <p class='ocr_par' dir='ltr' id='par_1_2' title="bbox 58 1051 94 1084">
     <span class='ocr_line' id='line_1_2' title="bbox 58 1051 94 1084; baseline -0.028 0"><span class='ocrx_word' id='word_1_2' title='bbox 58 1051 94 1084; x_wconf 86' lang='lat'>15</span> 
     </span>
    </p>
   </div>
   <div class='ocr_carea' id='block_1_3' title="bbox 53 1317 95 1348">
    <p class='ocr_par' dir='ltr' id='par_1_3' title="bbox 53 1317 95 1348">
     <span class='ocr_line' id='line_1_3' title="bbox 53 1317 95 1348; baseline 0 0"><span class='ocrx_word' id='word_1_3' title='bbox 53 1317 95 1348; x_wconf 85' lang='lat'>20</span> 
     </span>
    </p>
   </div>
   <div class='ocr_carea' id='block_1_4' title="bbox 52 1581 94 1614">
    <p class='ocr_par' dir='ltr' id='par_1_4' title="bbox 52 1581 94 1614">
     <span class='ocr_line' id='line_1_4' title="bbox 52 1581 94 1614; baseline 0 0"><span class='ocrx_word' id='word_1_4' title='bbox 52 1581 94 1614; x_wconf 87' lang='lat'>25</span> 
     </span>
    </p>
   </div>
   <div class='ocr_carea' id='block_1_5' title="bbox 60 2071 91 2088">
    <p class='ocr_par' dir='ltr' id='par_1_5' title="bbox 60 2071 91 2088">
     <span class='ocr_line' id='line_1_5' title="bbox 60 2071 91 2088; baseline 0 0"><span class='ocrx_word' id='word_1_5' title='bbox 60 2071 91 2088; x_wconf 80' lang='lat'>10</span> 
     </span>
    </p>
   </div>
   <div class='ocr_carea' id='block_1_6' title="bbox 59 2320 88 2346">
    <p class='ocr_par' dir='ltr' id='par_1_6' title="bbox 59 2320 88 2346">
     <span class='ocr_line' id='line_1_6' title="bbox 59 2320 88 2346; baseline 0 0"><span class='ocrx_word' id='word_1_6' title='bbox 59 2320 88 2346; x_wconf 81' lang='lat'>15</span> 
     </span>
    </p>
   </div>
   <div class='ocr_carea' id='block_1_7' title="bbox 57 2533 91 2552">
    <p class='ocr_par' dir='ltr' id='par_1_7' title="bbox 57 2533 91 2552">
     <span class='ocr_line' id='line_1_7' title="bbox 57 2533 91 2552; baseline 0 0"><span class='ocrx_word' id='word_1_7' title='bbox 57 2533 91 2552; x_wconf 89' lang='lat'>20</span> 
     </span>
    </p>
   </div>
   <div class='ocr_carea' id='block_1_8' title="bbox 57 2739 88 2765">
    <p class='ocr_par' dir='ltr' id='par_1_8' title="bbox 57 2739 88 2765">
     <span class='ocr_line' id='line_1_8' title="bbox 57 2739 88 2765; baseline 0 0"><span class='ocrx_word' id='word_1_8' title='bbox 57 2739 88 2765; x_wconf 82' lang='lat'>25</span> 
     </span>
    </p>
   </div>
   <div class='ocr_carea' id='block_1_9' title="bbox 55 2951 91 2976">
    <p class='ocr_par' dir='ltr' id='par_1_9' title="bbox 55 2951 91 2976">
     <span class='ocr_line' id='line_1_9' title="bbox 55 2951 91 2976; baseline 0 -7"><span class='ocrx_word' id='word_1_9' title='bbox 55 2951 91 2976; x_wconf 83' lang='grc'>30</span> 
     </span>
    </p>
   </div>
   <div class='ocr_carea' id='block_1_10' title="bbox 123 181 287 218">
    <p class='ocr_par' dir='ltr' id='par_1_10' title="bbox 123 181 287 218">
     <span class='ocr_line' id='line_1_10' title="bbox 123 181 287 218; baseline 0 -8"><span class='ocrx_word' id='word_1_10' title='bbox 123 181 172 217; x_wconf 80' lang='grc' dir='ltr'>[Α.</span> <span class='ocrx_word' id='word_1_11' title='bbox 195 183 287 218; x_wconf 80' lang='grc' dir='ltr'><strong>ιι73]</strong></span> 
     </span>
    </p>
   </div>
   <div class='ocr_carea' id='block_1_11' title="bbox 630 178 1933 215">
    <p class='ocr_par' dir='ltr' id='par_1_11' title="bbox 630 178 1933 215">
     <span class='ocr_line' id='line_1_11' title="bbox 630 178 1933 215; baseline 0.001 -2"><span class='ocrx_word' id='word_1_12' title='bbox 630 178 782 213; x_wconf 82' lang='lat' dir='ltr'>LIBER</span> <span class='ocrx_word' id='word_1_13' title='bbox 814 179 880 212; x_wconf 77' lang='lat' dir='ltr'>DE</span> <span class='ocrx_word' id='word_1_14' title='bbox 909 179 1184 214; x_wconf 75' lang='lat' dir='ltr'>OssSlDIONE</span> <span class='ocrx_word' id='word_1_15' title='bbox 1213 179 1433 215; x_wconf 60' lang='lat' dir='ltr'><strong>ANCONE</strong></span> <span class='ocrx_word' id='word_1_16' title='bbox 1894 181 1933 214; x_wconf 81' lang='lat'>41</span> 
     </span>
    </p>
   </div>
   <div class='ocr_carea' id='block_1_12' title="bbox 120 308 1946 1624">
    <p class='ocr_par' dir='ltr' id='par_1_12' title="bbox 120 308 1946 1624">
     <span class='ocr_line' id='line_1_12' title="bbox 126 308 1945 353; baseline 0.001 -13"><span class='ocrx_word' id='word_1_17' title='bbox 126 308 197 341; x_wconf 82' lang='lat' dir='ltr'>“de</span> <span class='ocrx_word' id='word_1_18' title='bbox 222 308 415 346; x_wconf 84' lang='lat' dir='ltr'>Bretinoro,</span> <span class='ocrx_word' id='word_1_19' title='bbox 439 320 505 353; x_wconf 91' lang='lat' dir='ltr'>que</span> <span class='ocrx_word' id='word_1_20' title='bbox 530 310 584 341; x_wconf 81' lang='lat' dir='ltr'>hic</span> <span class='ocrx_word' id='word_1_21' title='bbox 609 317 659 342; x_wconf 88' lang='lat' dir='ltr'>est</span> <span class='ocrx_word' id='word_1_22' title='bbox 683 321 759 341; x_wconf 90' lang='lat' dir='ltr'>cum</span> <span class='ocrx_word' id='word_1_23' title='bbox 785 310 885 342; x_wconf 86' lang='lat' dir='ltr'>unico</span> <span class='ocrx_word' id='word_1_24' title='bbox 911 311 1000 342; x_wconf 81' lang='lat' dir='ltr'>tilio&#39;</span> <span class='ocrx_word' id='word_1_25' title='bbox 1026 318 1059 342; x_wconf 87' lang='lat' dir='ltr'>et</span> <span class='ocrx_word' id='word_1_26' title='bbox 1092 311 1284 352; x_wconf 69' lang='lat' dir='ltr'>magnificis</span> <span class='ocrx_word' id='word_1_27' title='bbox 1315 312 1395 343; x_wconf 85' lang='lat' dir='ltr'>viris</span> <span class='ocrx_word' id='word_1_28' title='bbox 1425 312 1467 344; x_wconf 89' lang='lat' dir='ltr'>de</span> <span class='ocrx_word' id='word_1_29' title='bbox 1500 312 1663 343; x_wconf 87' lang='lat' dir='ltr'>comitatu</span> <span class='ocrx_word' id='word_1_30' title='bbox 1696 312 1789 350; x_wconf 81' lang='lat' dir='ltr'>suo&#39;‚</span> <span class='ocrx_word' id='word_1_31' title='bbox 1822 321 1945 353; x_wconf 70' lang='lat' dir='ltr'>rogans</span> 
     </span>
     <span class='ocr_line' id='line_1_13' title="bbox 127 361 1945 406; baseline 0.001 -14"><span class='ocrx_word' id='word_1_32' title='bbox 127 363 228 393; x_wconf 82' lang='lat' dir='ltr'>“eam</span> <span class='ocrx_word' id='word_1_33' title='bbox 253 368 288 393; x_wconf 85' lang='lat' dir='ltr'>ut</span> <span class='ocrx_word' id='word_1_34' title='bbox 315 361 564 394; x_wconf 81' lang='lat' dir='ltr'>Anclionitanis</span> <span class='ocrx_word' id='word_1_35' title='bbox 589 363 789 406; x_wconf 84' lang='lat' dir='ltr'>dignaretur</span> <span class='ocrx_word' id='word_1_36' title='bbox 814 363 1082 395; x_wconf 77' lang='lat' dir='ltr'>misericorditer</span> <span class='ocrx_word' id='word_1_37' title='bbox 1105 364 1299 395; x_wconf 87' lang='lat' dir='ltr'>subvenire.</span> <span class='ocrx_word' id='word_1_38' title='bbox 1346 364 1392 396; x_wconf 84' lang='lat' dir='ltr'>At</span> <span class='ocrx_word' id='word_1_39' title='bbox 1416 365 1487 406; x_wconf 80' lang='lat' dir='ltr'>ipsa</span> <span class='ocrx_word' id='word_1_40' title='bbox 1514 365 1701 396; x_wconf 70' lang='lat' dir='ltr'>liberaliter</span> <span class='ocrx_word' id='word_1_41' title='bbox 1726 365 1877 406; x_wconf 79' lang='lat' dir='ltr'>promisit</span> <span class='ocrx_word' id='word_1_42' title='bbox 1901 371 1945 401; x_wconf 86' lang='lat' dir='ltr'>et,</span> 
     </span>
     <span class='ocr_line' id='line_1_14' title="bbox 125 415 1620 458; baseline 0.002 -12"><span class='ocrx_word' id='word_1_43' title='bbox 125 415 253 456; x_wconf 85' lang='lat' dir='ltr'>“prout</span> <span class='ocrx_word' id='word_1_44' title='bbox 278 415 451 456; x_wconf 79' lang='lat' dir='ltr'>corporeis</span> <span class='ocrx_word' id='word_1_45' title='bbox 475 415 584 447; x_wconf 88' lang='lat' dir='ltr'>oculis</span> <span class='ocrx_word' id='word_1_46' title='bbox 610 416 726 447; x_wconf 82' lang='lat' dir='ltr'>videre</span> <span class='ocrx_word' id='word_1_47' title='bbox 758 417 908 457; x_wconf 80' lang='lat' dir='ltr'>potestis,</span> <span class='ocrx_word' id='word_1_48' title='bbox 942 417 1144 458; x_wconf 83' lang='lat' dir='ltr'>promissum</span> <span class='ocrx_word' id='word_1_49' title='bbox 1176 417 1361 449; x_wconf 75' lang='lat' dir='ltr'>libe&#39;ralius</span> <span class='ocrx_word' id='word_1_50' title='bbox 1391 419 1620 449; x_wconf 77' lang='lat' dir='ltr'>conservavit.</span> 
     </span>
     <span class='ocr_line' id='line_1_15' title="bbox 125 468 1943 512; baseline 0.001 -13"><span class='ocrx_word' id='word_1_51' title='bbox 125 468 290 500; x_wconf 77' lang='lat' dir='ltr'>“modum</span> <span class='ocrx_word' id='word_1_52' title='bbox 316 477 382 500; x_wconf 88' lang='lat' dir='ltr'>non</span> <span class='ocrx_word' id='word_1_53' title='bbox 410 475 536 500; x_wconf 85' lang='lat' dir='ltr'>tantum</span> <span class='ocrx_word' id='word_1_54' title='bbox 561 469 604 501; x_wconf 89' lang='lat' dir='ltr'>ad</span> <span class='ocrx_word' id='word_1_55' title='bbox 629 469 881 511; x_wconf 76' lang='lat' dir='ltr'>persuasionem</span> <span class='ocrx_word' id='word_1_56' title='bbox 908 480 1028 505; x_wconf 84' lang='lat' dir='ltr'>meam,</span> <span class='ocrx_word' id='word_1_57' title='bbox 1053 477 1215 512; x_wconf 84' lang='lat' dir='ltr'>quantum</span> <span class='ocrx_word' id='word_1_58' title='bbox 1242 471 1411 511; x_wconf 72' lang='lat' dir='ltr'>probitate</span> <span class='ocrx_word' id='word_1_59' title='bbox 1437 470 1638 509; x_wconf 84' lang='lat' dir='ltr'>animorum,</span> <span class='ocrx_word' id='word_1_60' title='bbox 1670 478 1702 501; x_wconf 89' lang='lat' dir='ltr'>et</span> <span class='ocrx_word' id='word_1_61' title='bbox 1735 481 1836 502; x_wconf 80' lang='lat' dir='ltr'>causa</span> <span class='ocrx_word' id='word_1_62' title='bbox 1862 482 1943 501; x_wconf 83' lang='lat' dir='ltr'>con-</span> 
     </span>
     <span class='ocr_line' id='line_1_16' title="bbox 124 519 1942 565; baseline 0.002 -14"><span class='ocrx_word' id='word_1_63' title='bbox 124 519 138 536; x_wconf 85' lang='lat'>“</span> <span class='ocrx_word' id='word_1_64' title='bbox 153 519 310 562; x_wconf 87' lang='lat' dir='ltr'>quirendi</span> <span class='ocrx_word' id='word_1_65' title='bbox 335 531 458 553; x_wconf 86' lang='lat' dir='ltr'>nornen</span> <span class='ocrx_word' id='word_1_66' title='bbox 484 528 699 563; x_wconf 76' lang='lat' dir='ltr'>perpetuum,</span> <span class='ocrx_word' id='word_1_67' title='bbox 722 532 742 553; x_wconf 92' lang='lat'><strong>0</strong></span> <span class='ocrx_word' id='word_1_68' title='bbox 765 522 923 564; x_wconf 70' lang='lat' dir='ltr'>(e)gregii</span> <span class='ocrx_word' id='word_1_69' title='bbox 951 522 1012 553; x_wconf 89' lang='lat' dir='ltr'>viri</span> <span class='ocrx_word' id='word_1_70' title='bbox 1037 523 1244 554; x_wconf 81' lang='lat' dir='ltr'>Lombardic</span> <span class='ocrx_word' id='word_1_71' title='bbox 1263 530 1365 565; x_wconf 85' lang='lat' dir='ltr'>atque</span> <span class='ocrx_word' id='word_1_72' title='bbox 1385 523 1599 562; x_wconf 78' lang='lat' dir='ltr'>Romaniole,</span> <span class='ocrx_word' id='word_1_73' title='bbox 1617 530 1651 554; x_wconf 86' lang='lat' dir='ltr'>ut</span> <span class='ocrx_word' id='word_1_74' title='bbox 1669 531 1812 553; x_wconf 72' lang='lat' dir='ltr'>vestram</span> <span class='ocrx_word' id='word_1_75' title='bbox 1830 530 1942 555; x_wconf 77' lang='lat' dir='ltr'>osu-n-</span> 
     </span>
     <span class='ocr_line' id='line_1_17' title="bbox 127 573 1943 618; baseline 0.002 -14"><span class='ocrx_word' id='word_1_76' title='bbox 127 573 244 605; x_wconf 79' lang='lat' dir='ltr'>“datis</span> <span class='ocrx_word' id='word_1_77' title='bbox 267 573 302 605; x_wconf 90' lang='lat' dir='ltr'>in</span> <span class='ocrx_word' id='word_1_78' title='bbox 328 575 530 606; x_wconf 77' lang='lat' dir='ltr'>necessitate</span> <span class='ocrx_word' id='word_1_79' title='bbox 555 576 725 607; x_wconf 84' lang='lat' dir='ltr'>virtutem.</span> <span class='ocrx_word' id='word_1_80' title='bbox 771 575 931 608; x_wconf 86' lang='lat' dir='ltr'>Ceterum</span> <span class='ocrx_word' id='word_1_81' title='bbox 964 587 1029 608; x_wconf 91' lang='lat' dir='ltr'>non</span> <span class='ocrx_word' id='word_1_82' title='bbox 1062 577 1163 607; x_wconf 77' lang='lat' dir='ltr'>traxit</span> <span class='ocrx_word' id='word_1_83' title='bbox 1195 576 1328 617; x_wconf 83' lang='lat' dir='ltr'>aliquos</span> <span class='ocrx_word' id='word_1_84' title='bbox 1359 582 1507 607; x_wconf 76' lang='lat' dir='ltr'>vestrum</span> <span class='ocrx_word' id='word_1_85' title='bbox 1540 583 1646 607; x_wconf 79' lang='lat' dir='ltr'>metus</span> <span class='ocrx_word' id='word_1_86' title='bbox 1678 576 1728 607; x_wconf 82' lang='lat' dir='ltr'>vel</span> <span class='ocrx_word' id='word_1_87' title='bbox 1763 577 1943 618; x_wconf 79' lang='lat' dir='ltr'>cupiditas.</span> 
     </span>
     <span class='ocr_line' id='line_1_18' title="bbox 123 627 1942 670; baseline 0.002 -13"><span class='ocrx_word' id='word_1_88' title='bbox 123 627 219 669; x_wconf 81' lang='lat' dir='ltr'>“que</span> <span class='ocrx_word' id='word_1_89' title='bbox 244 627 436 659; x_wconf 82' lang='lat' dir='ltr'>mortalium</span> <span class='ocrx_word' id='word_1_90' title='bbox 459 627 646 660; x_wconf 78' lang='lat' dir='ltr'>sollicitant</span> <span class='ocrx_word' id='word_1_91' title='bbox 676 629 818 664; x_wconf 88' lang='lat' dir='ltr'>animos.</span> <span class='ocrx_word' id='word_1_92' title='bbox 849 629 909 660; x_wconf 88' lang='lat' dir='ltr'>sed</span> <span class='ocrx_word' id='word_1_93' title='bbox 941 635 976 660; x_wconf 90' lang='lat' dir='ltr'>ut</span> <span class='ocrx_word' id='word_1_94' title='bbox 1009 634 1138 660; x_wconf 79' lang='lat' dir='ltr'>vestras</span> <span class='ocrx_word' id='word_1_95' title='bbox 1171 629 1259 660; x_wconf 88' lang='lat' dir='ltr'>vires</span> <span class='ocrx_word' id='word_1_96' title='bbox 1289 630 1478 660; x_wconf 76' lang='lat' dir='ltr'>exerceatis</span> <span class='ocrx_word' id='word_1_97' title='bbox 1511 629 1544 659; x_wconf 89' lang='lat' dir='ltr'>in</span> <span class='ocrx_word' id='word_1_98' title='bbox 1577 635 1730 670; x_wconf 88' lang='lat' dir='ltr'>tempore</span> <span class='ocrx_word' id='word_1_99' title='bbox 1762 636 1942 670; x_wconf 83' lang='lat' dir='ltr'>oportuno.</span> 
     </span>
     <span class='ocr_line' id='line_1_19' title="bbox 123 679 1943 724; baseline 0.001 -13"><span class='ocrx_word' id='word_1_100' title='bbox 123 679 226 723; x_wconf 80' lang='lat' dir='ltr'>“Ego</span> <span class='ocrx_word' id='word_1_101' title='bbox 251 690 334 712; x_wconf 91' lang='lat' dir='ltr'>vero</span> <span class='ocrx_word' id='word_1_102' title='bbox 357 681 499 722; x_wconf 87' lang='lat' dir='ltr'>propria</span> <span class='ocrx_word' id='word_1_103' title='bbox 523 688 556 713; x_wconf 88' lang='lat' dir='ltr'>et</span> <span class='ocrx_word' id='word_1_104' title='bbox 581 681 694 713; x_wconf 85' lang='lat' dir='ltr'>aliena</span> <span class='ocrx_word' id='word_1_105' title='bbox 718 682 751 713; x_wconf 88' lang='lat' dir='ltr'>in</span> <span class='ocrx_word' id='word_1_106' title='bbox 775 681 946 723; x_wconf 82' lang='lat' dir='ltr'>integrum</span> <span class='ocrx_word' id='word_1_107' title='bbox 971 681 1121 724; x_wconf 76' lang='lat' dir='ltr'>obligavi</span> <span class='ocrx_word' id='word_1_108' title='bbox 1137 681 1159 717; x_wconf 83' lang='lat'>³,</span> <span class='ocrx_word' id='word_1_109' title='bbox 1183 688 1216 712; x_wconf 86' lang='lat' dir='ltr'>et</span> <span class='ocrx_word' id='word_1_110' title='bbox 1241 682 1454 713; x_wconf 72' lang='lat' dir='ltr'>solummodo</span> <span class='ocrx_word' id='word_1_111' title='bbox 1479 682 1580 713; x_wconf 77' lang='lat' dir='ltr'>michi</span> <span class='ocrx_word' id='word_1_112' title='bbox 1605 690 1786 723; x_wconf 69' lang='lat' dir='ltr'>supersunt</span> <span class='ocrx_word' id='word_1_113' title='bbox 1812 683 1943 714; x_wconf 74' lang='lat' dir='ltr'>animus</span> 
     </span>
     <span class='ocr_line' id='line_1_20' title="bbox 126 734 1943 777; baseline 0.001 -12"><span class='ocrx_word' id='word_1_114' title='bbox 126 734 189 765; x_wconf 84' lang='lat' dir='ltr'>“et</span> <span class='ocrx_word' id='word_1_115' title='bbox 211 742 352 774; x_wconf 85' lang='lat' dir='ltr'>corpus;</span> <span class='ocrx_word' id='word_1_116' title='bbox 376 734 438 765; x_wconf 88' lang='lat' dir='ltr'>sed</span> <span class='ocrx_word' id='word_1_117' title='bbox 468 734 533 766; x_wconf 88' lang='lat' dir='ltr'>hec</span> <span class='ocrx_word' id='word_1_118' title='bbox 564 734 648 776; x_wconf 84' lang='lat' dir='ltr'>ipsa.</span> <span class='ocrx_word' id='word_1_119' title='bbox 679 745 744 777; x_wconf 91' lang='lat' dir='ltr'>que</span> <span class='ocrx_word' id='word_1_120' title='bbox 776 734 879 766; x_wconf 84' lang='lat' dir='ltr'>michi</span> <span class='ocrx_word' id='word_1_121' title='bbox 911 735 955 766; x_wconf 89' lang='lat' dir='ltr'>de</span> <span class='ocrx_word' id='word_1_122' title='bbox 988 735 1104 765; x_wconf 87' lang='lat' dir='ltr'>multis</span> <span class='ocrx_word' id='word_1_123' title='bbox 1135 735 1255 766; x_wconf 80' lang='lat' dir='ltr'>relicta</span> <span class='ocrx_word' id='word_1_124' title='bbox 1286 741 1372 771; x_wconf 81' lang='lat' dir='ltr'>sunt,</span> <span class='ocrx_word' id='word_1_125' title='bbox 1403 745 1464 776; x_wconf 89' lang='lat' dir='ltr'>pro</span> <span class='ocrx_word' id='word_1_126' title='bbox 1496 735 1813 766; x_wconf 74' lang='lat' dir='ltr'>Anclionitanorum</span> <span class='ocrx_word' id='word_1_127' title='bbox 1842 737 1943 777; x_wconf 85' lang='lat' dir='ltr'>cupio</span> 
     </span>
     <span class='ocr_line' id='line_1_21' title="bbox 125 786 1944 830; baseline 0.001 -13"><span class='ocrx_word' id='word_1_128' title='bbox 125 787 325 827; x_wconf 84' lang='lat' dir='ltr'>“exponere</span> <span class='ocrx_word' id='word_1_129' title='bbox 348 786 562 819; x_wconf 80' lang='lat' dir='ltr'>liberatione.</span> <span class='ocrx_word' id='word_1_130' title='bbox 609 787 772 820; x_wconf 78' lang='lat' dir='ltr'>Profecto</span> <span class='ocrx_word' id='word_1_131' title='bbox 796 787 852 830; x_wconf 92' lang='lat' dir='ltr'>qui</span> <span class='ocrx_word' id='word_1_132' title='bbox 876 797 913 818; x_wconf 93' lang='lat' dir='ltr'>se</span> <span class='ocrx_word' id='word_1_133' title='bbox 937 787 1045 828; x_wconf 85' lang='lat' dir='ltr'>ipsum</span> <span class='ocrx_word' id='word_1_134' title='bbox 1070 793 1103 819; x_wconf 91' lang='lat' dir='ltr'>et</span> <span class='ocrx_word' id='word_1_135' title='bbox 1126 798 1186 819; x_wconf 85' lang='lat' dir='ltr'>sua</span> <span class='ocrx_word' id='word_1_136' title='bbox 1209 788 1357 824; x_wconf 86' lang='lat' dir='ltr'>exhibet,</span> <span class='ocrx_word' id='word_1_137' title='bbox 1375 789 1462 819; x_wconf 84' lang='lat' dir='ltr'>ultra</span> <span class='ocrx_word' id='word_1_138' title='bbox 1478 799 1545 819; x_wconf 93' lang='lat' dir='ltr'>non</span> <span class='ocrx_word' id='word_1_139' title='bbox 1571 788 1774 830; x_wconf 85' lang='lat' dir='ltr'>relinquitur</span> <span class='ocrx_word' id='word_1_140' title='bbox 1790 789 1832 819; x_wconf 72' lang='lat' dir='ltr'>ad</span> <span class='ocrx_word' id='word_1_141' title='bbox 1850 789 1944 820; x_wconf 84' lang='lat' dir='ltr'>exhi-</span> 
     </span>
     <span class='ocr_line' id='line_1_22' title="bbox 125 838 1943 883; baseline 0.002 -13"><span class='ocrx_word' id='word_1_142' title='bbox 125 838 314 871; x_wconf 67' lang='lat' dir='ltr'>“bendum</span> <span class='ocrx_word' id='word_1_143' title='bbox 361 839 523 871; x_wconf 85' lang='lat' dir='ltr'>Preterea</span> <span class='ocrx_word' id='word_1_144' title='bbox 545 840 635 872; x_wconf 85' lang='lat' dir='ltr'>scire</span> <span class='ocrx_word' id='word_1_145' title='bbox 659 840 792 872; x_wconf 88' lang='lat' dir='ltr'>debetis</span> <span class='ocrx_word' id='word_1_146' title='bbox 815 840 873 882; x_wconf 91' lang='lat' dir='ltr'>qui</span> <span class='ocrx_word' id='word_1_147' title='bbox 898 847 985 877; x_wconf 84' lang='lat' dir='ltr'>suut,</span> <span class='ocrx_word' id='word_1_148' title='bbox 1011 847 1129 872; x_wconf 90' lang='lat' dir='ltr'>contra</span> <span class='ocrx_word' id='word_1_149' title='bbox 1146 851 1232 882; x_wconf 79' lang='lat' dir='ltr'>quos</span> <span class='ocrx_word' id='word_1_150' title='bbox 1248 852 1340 872; x_wconf 82' lang='lat' dir='ltr'>arma</span> <span class='ocrx_word' id='word_1_151' title='bbox 1358 851 1543 872; x_wconf 79' lang='lat' dir='ltr'>movemus.</span> <span class='ocrx_word' id='word_1_152' title='bbox 1589 841 1658 878; x_wconf 83' lang='lat' dir='ltr'>Qui</span> <span class='ocrx_word' id='word_1_153' title='bbox 1676 841 1742 872; x_wconf 86' lang='lat' dir='ltr'>sint</span> <span class='ocrx_word' id='word_1_154' title='bbox 1760 842 1943 883; x_wconf 83' lang='lat' dir='ltr'>ignoratur.</span> 
     </span>
     <span class='ocr_line' id='line_1_23' title="bbox 124 892 1944 935; baseline 0.002 -12"><span class='ocrx_word' id='word_1_155' title='bbox 124 892 232 934; x_wconf 82' lang='lat' dir='ltr'>“quia</span> <span class='ocrx_word' id='word_1_156' title='bbox 255 902 322 924; x_wconf 92' lang='lat' dir='ltr'>non</span> <span class='ocrx_word' id='word_1_157' title='bbox 346 898 397 924; x_wconf 87' lang='lat' dir='ltr'>est</span> <span class='ocrx_word' id='word_1_158' title='bbox 420 899 550 925; x_wconf 87' lang='lat' dir='ltr'>certum</span> <span class='ocrx_word' id='word_1_159' title='bbox 575 893 753 926; x_wconf 83' lang='lat' dir='ltr'>relativum</span> <span class='ocrx_word' id='word_1_160' title='bbox 777 893 975 930; x_wconf 80' lang='lat' dir='ltr'>substantie,</span> <span class='ocrx_word' id='word_1_161' title='bbox 1000 904 1077 925; x_wconf 90' lang='lat' dir='ltr'>cum</span> <span class='ocrx_word' id='word_1_162' title='bbox 1103 895 1146 925; x_wconf 88' lang='lat' dir='ltr'>de</span> <span class='ocrx_word' id='word_1_163' title='bbox 1171 894 1327 925; x_wconf 83' lang='lat' dir='ltr'>omnibus</span> <span class='ocrx_word' id='word_1_164' title='bbox 1343 894 1459 925; x_wconf 91' lang='lat' dir='ltr'>mundi</span> <span class='ocrx_word' id='word_1_165' title='bbox 1478 893 1630 935; x_wconf 85' lang='lat' dir='ltr'>partibus</span> <span class='ocrx_word' id='word_1_166' title='bbox 1646 894 1716 925; x_wconf 86' lang='lat' dir='ltr'>sola</span> <span class='ocrx_word' id='word_1_167' title='bbox 1733 895 1944 926; x_wconf 77' lang='lat' dir='ltr'>necessitatis</span> 
     </span>
     <span class='ocr_line' id='line_1_24' title="bbox 122 946 1940 989; baseline 0.001 -12"><span class='ocrx_word' id='word_1_168' title='bbox 122 946 255 978; x_wconf 82' lang='lat' dir='ltr'>“causa</span> <span class='ocrx_word' id='word_1_169' title='bbox 278 946 502 978; x_wconf 86' lang='lat' dir='ltr'>convenerint</span> <span class='ocrx_word' id='word_1_170' title='bbox 525 947 570 979; x_wconf 91' lang='lat' dir='ltr'>ad</span> <span class='ocrx_word' id='word_1_171' title='bbox 594 946 789 985; x_wconf 86' lang='lat' dir='ltr'>vivendum,</span> <span class='ocrx_word' id='word_1_172' title='bbox 821 952 854 977; x_wconf 91' lang='lat' dir='ltr'>et</span> <span class='ocrx_word' id='word_1_173' title='bbox 885 957 953 978; x_wconf 92' lang='lat' dir='ltr'>non</span> <span class='ocrx_word' id='word_1_174' title='bbox 987 947 1205 978; x_wconf 82' lang='lat' dir='ltr'>considerant</span> <span class='ocrx_word' id='word_1_175' title='bbox 1237 957 1336 988; x_wconf 90' lang='lat' dir='ltr'>quem</span> <span class='ocrx_word' id='word_1_176' title='bbox 1370 954 1542 987; x_wconf 85' lang='lat' dir='ltr'>secuntur,</span> <span class='ocrx_word' id='word_1_177' title='bbox 1573 948 1633 978; x_wconf 83' lang='lat' dir='ltr'>sed</span> <span class='ocrx_word' id='word_1_178' title='bbox 1667 946 1747 989; x_wconf 88' lang='lat' dir='ltr'>quid</span> <span class='ocrx_word' id='word_1_179' title='bbox 1779 948 1940 989; x_wconf 75' lang='lat' dir='ltr'>consequi</span> 
     </span>
     <span class='ocr_line' id='line_1_25' title="bbox 125 998 1943 1042; baseline 0.001 -12"><span class='ocrx_word' id='word_1_180' title='bbox 125 1000 302 1040; x_wconf 61' lang='lat' dir='ltr'>“possum</span> <span class='ocrx_word' id='word_1_181' title='bbox 347 998 474 1030; x_wconf 82' lang='lat' dir='ltr'>Omnes</span> <span class='ocrx_word' id='word_1_182' title='bbox 497 999 586 1030; x_wconf 88' lang='lat' dir='ltr'>enim</span> <span class='ocrx_word' id='word_1_183' title='bbox 611 999 767 1032; x_wconf 87' lang='lat' dir='ltr'>homines</span> <span class='ocrx_word' id='word_1_184' title='bbox 790 1005 867 1031; x_wconf 85' lang='lat' dir='ltr'>sunt</span> <span class='ocrx_word' id='word_1_185' title='bbox 891 999 1023 1031; x_wconf 88' lang='lat' dir='ltr'>inimici</span> <span class='ocrx_word' id='word_1_186' title='bbox 1046 1010 1174 1036; x_wconf 89' lang='lat' dir='ltr'>eorum,</span> <span class='ocrx_word' id='word_1_187' title='bbox 1199 1007 1233 1032; x_wconf 85' lang='lat' dir='ltr'>et</span> <span class='ocrx_word' id='word_1_188' title='bbox 1256 999 1436 1041; x_wconf 83' lang='lat' dir='ltr'>presertim</span> <span class='ocrx_word' id='word_1_189' title='bbox 1462 999 1544 1030; x_wconf 83' lang='lat' dir='ltr'>illia</span> <span class='ocrx_word' id='word_1_190' title='bbox 1562 998 1685 1042; x_wconf 87' lang='lat' dir='ltr'>quibus</span> <span class='ocrx_word' id='word_1_191' title='bbox 1703 999 1816 1032; x_wconf 84' lang='lat' dir='ltr'>valent</span> <span class='ocrx_word' id='word_1_192' title='bbox 1840 1010 1943 1041; x_wconf 91' lang='lat' dir='ltr'>pecu-</span> 
     </span>
     <span class='ocr_line' id='line_1_26' title="bbox 124 1051 1944 1094; baseline 0.001 -11"><span class='ocrx_word' id='word_1_193' title='bbox 124 1051 242 1083; x_wconf 81' lang='lat' dir='ltr'>“niam</span> <span class='ocrx_word' id='word_1_194' title='bbox 265 1057 480 1094; x_wconf 86' lang='lat' dir='ltr'>extorquere.</span> <span class='ocrx_word' id='word_1_195' title='bbox 529 1052 571 1084; x_wconf 80' lang='lat' dir='ltr'>Et</span> <span class='ocrx_word' id='word_1_196' title='bbox 595 1052 675 1084; x_wconf 86' lang='lat' dir='ltr'>licet</span> <span class='ocrx_word' id='word_1_197' title='bbox 699 1051 834 1094; x_wconf 90' lang='lat' dir='ltr'>plurimi</span> <span class='ocrx_word' id='word_1_198' title='bbox 860 1063 976 1084; x_wconf 90' lang='lat' dir='ltr'>eorum</span> <span class='ocrx_word' id='word_1_199' title='bbox 1001 1053 1068 1084; x_wconf 86' lang='lat' dir='ltr'>sint</span> <span class='ocrx_word' id='word_1_200' title='bbox 1092 1052 1150 1084; x_wconf 81' lang='lat' dir='ltr'>filii</span> <span class='ocrx_word' id='word_1_201' title='bbox 1176 1053 1352 1090; x_wconf 83' lang='lat' dir='ltr'>nobilium,</span> <span class='ocrx_word' id='word_1_202' title='bbox 1376 1053 1409 1084; x_wconf 90' lang='lat' dir='ltr'>in</span> <span class='ocrx_word' id='word_1_203' title='bbox 1443 1052 1508 1085; x_wconf 85' lang='lat' dir='ltr'>hoc</span> <span class='ocrx_word' id='word_1_204' title='bbox 1533 1062 1568 1084; x_wconf 89' lang='lat' dir='ltr'>se</span> <span class='ocrx_word' id='word_1_205' title='bbox 1600 1053 1745 1084; x_wconf 79' lang='lat' dir='ltr'>maxime</span> <span class='ocrx_word' id='word_1_206' title='bbox 1779 1053 1944 1084; x_wconf 88' lang='lat' dir='ltr'>denobili-</span> 
     </span>
     <span class='ocr_line' id='line_1_27' title="bbox 122 1103 1945 1149; baseline 0.001 -14"><span class='ocrx_word' id='word_1_207' title='bbox 122 1103 137 1121; x_wconf 84' lang='lat'>“</span> <span class='ocrx_word' id='word_1_208' title='bbox 152 1109 270 1136; x_wconf 86' lang='lat' dir='ltr'>tarunt</span> <span class='ocrx_word' id='word_1_209' title='bbox 281 1103 304 1141; x_wconf 85' lang='lat'>⁴,</span> <span class='ocrx_word' id='word_1_210' title='bbox 327 1105 420 1147; x_wconf 91' lang='lat' dir='ltr'>quod</span> <span class='ocrx_word' id='word_1_211' title='bbox 443 1111 617 1146; x_wconf 83' lang='lat' dir='ltr'>raptorum</span> <span class='ocrx_word' id='word_1_212' title='bbox 643 1105 791 1138; x_wconf 87' lang='lat' dir='ltr'>catervis</span> <span class='ocrx_word' id='word_1_213' title='bbox 814 1106 956 1147; x_wconf 86' lang='lat' dir='ltr'>cupiunt</span> <span class='ocrx_word' id='word_1_214' title='bbox 979 1105 1172 1149; x_wconf 84' lang='lat' dir='ltr'>aggregari.</span> <span class='ocrx_word' id='word_1_215' title='bbox 1221 1106 1414 1148; x_wconf 84' lang='lat' dir='ltr'>Numquam</span> <span class='ocrx_word' id='word_1_216' title='bbox 1439 1106 1531 1137; x_wconf 89' lang='lat' dir='ltr'>enim</span> <span class='ocrx_word' id='word_1_217' title='bbox 1556 1106 1620 1136; x_wconf 83' lang='lat' dir='ltr'>fuit</span> <span class='ocrx_word' id='word_1_218' title='bbox 1643 1106 1731 1137; x_wconf 91' lang='lat' dir='ltr'>adeo</span> <span class='ocrx_word' id='word_1_219' title='bbox 1757 1106 1945 1147; x_wconf 87' lang='lat' dir='ltr'>approbata</span> 
     </span>
     <span class='ocr_line' id='line_1_28' title="bbox 123 1157 1946 1200; baseline 0.001 -12"><span class='ocrx_word' id='word_1_220' title='bbox 123 1157 322 1195; x_wconf 58' lang='lat' dir='ltr'>mobilitas,</span> <span class='ocrx_word' id='word_1_221' title='bbox 347 1168 448 1200; x_wconf 88' lang='lat' dir='ltr'>quam</span> <span class='ocrx_word' id='word_1_222' title='bbox 479 1168 659 1200; x_wconf 88' lang='lat' dir='ltr'>pravorum</span> <span class='ocrx_word' id='word_1_223' title='bbox 691 1159 899 1190; x_wconf 88' lang='lat' dir='ltr'>consortium</span> <span class='ocrx_word' id='word_1_224' title='bbox 931 1169 998 1190; x_wconf 91' lang='lat' dir='ltr'>non</span> <span class='ocrx_word' id='word_1_225' title='bbox 1031 1159 1201 1200; x_wconf 82' lang='lat' dir='ltr'>denigret.</span> <span class='ocrx_word' id='word_1_226' title='bbox 1249 1159 1540 1200; x_wconf 88' lang='lat' dir='ltr'>Archiepiscopus</span> <span class='ocrx_word' id='word_1_227' title='bbox 1570 1165 1683 1190; x_wconf 88' lang='lat' dir='ltr'>autem</span> <span class='ocrx_word' id='word_1_228' title='bbox 1715 1168 1790 1190; x_wconf 91' lang='lat' dir='ltr'>cum</span> <span class='ocrx_word' id='word_1_229' title='bbox 1823 1158 1946 1190; x_wconf 80' lang='lat' dir='ltr'>talibus</span> 
     </span>
     <span class='ocr_line' id='line_1_29' title="bbox 125 1210 1944 1253; baseline 0.001 -12"><span class='ocrx_word' id='word_1_230' title='bbox 125 1210 288 1242; x_wconf 83' lang='lat' dir='ltr'>¹‘clericis</span> <span class='ocrx_word' id='word_1_231' title='bbox 310 1220 371 1242; x_wconf 90' lang='lat' dir='ltr'>sua</span> <span class='ocrx_word' id='word_1_232' title='bbox 395 1210 550 1242; x_wconf 86' lang='lat' dir='ltr'>celebrat</span> <span class='ocrx_word' id='word_1_233' title='bbox 573 1211 692 1248; x_wconf 85' lang='lat' dir='ltr'>officia,</span> <span class='ocrx_word' id='word_1_234' title='bbox 717 1211 774 1253; x_wconf 91' lang='lat' dir='ltr'>qui</span> <span class='ocrx_word' id='word_1_235' title='bbox 798 1211 936 1242; x_wconf 86' lang='lat' dir='ltr'>mentiri</span> <span class='ocrx_word' id='word_1_236' title='bbox 962 1218 995 1243; x_wconf 89' lang='lat' dir='ltr'>et</span> <span class='ocrx_word' id='word_1_237' title='bbox 1013 1212 1121 1242; x_wconf 74' lang='lat' dir='ltr'>furari</span> <span class='ocrx_word' id='word_1_238' title='bbox 1139 1219 1317 1248; x_wconf 86' lang='lat' dir='ltr'>noverunt,</span> <span class='ocrx_word' id='word_1_239' title='bbox 1336 1219 1369 1243; x_wconf 87' lang='lat' dir='ltr'>et</span> <span class='ocrx_word' id='word_1_240' title='bbox 1386 1221 1507 1253; x_wconf 89' lang='lat' dir='ltr'>rapere</span> <span class='ocrx_word' id='word_1_241' title='bbox 1524 1218 1689 1253; x_wconf 89' lang='lat' dir='ltr'>appetunt</span> <span class='ocrx_word' id='word_1_242' title='bbox 1707 1211 1830 1242; x_wconf 84' lang='lat' dir='ltr'>aliena.</span> <span class='ocrx_word' id='word_1_243' title='bbox 1877 1211 1944 1243; x_wconf 76' lang='lat' dir='ltr'>Sed</span> 
     </span>
     <span class='ocr_line' id='line_1_30' title="bbox 121 1263 1944 1306; baseline 0.001 -12"><span class='ocrx_word' id='word_1_244' title='bbox 121 1263 296 1306; x_wconf 83' lang='lat' dir='ltr'>“quantus</span> <span class='ocrx_word' id='word_1_245' title='bbox 319 1264 361 1295; x_wconf 88' lang='lat' dir='ltr'>sit</span> <span class='ocrx_word' id='word_1_246' title='bbox 384 1264 496 1305; x_wconf 89' lang='lat' dir='ltr'>pudor</span> <span class='ocrx_word' id='word_1_247' title='bbox 519 1263 661 1296; x_wconf 86' lang='lat' dir='ltr'>cuilibet</span> <span class='ocrx_word' id='word_1_248' title='bbox 685 1264 784 1296; x_wconf 89' lang='lat' dir='ltr'>militi</span> <span class='ocrx_word' id='word_1_249' title='bbox 810 1264 872 1296; x_wconf 91' lang='lat' dir='ltr'>sub</span> <span class='ocrx_word' id='word_1_250' title='bbox 897 1264 1058 1297; x_wconf 88' lang='lat' dir='ltr'>cleri&#39;cali</span> <span class='ocrx_word' id='word_1_251' title='bbox 1082 1265 1227 1296; x_wconf 89' lang='lat' dir='ltr'>militare</span> <span class='ocrx_word' id='word_1_252' title='bbox 1251 1265 1394 1303; x_wconf 83' lang='lat' dir='ltr'>vexillo,</span> <span class='ocrx_word' id='word_1_253' title='bbox 1419 1265 1474 1296; x_wconf 82' lang='lat' dir='ltr'>vix</span> <span class='ocrx_word' id='word_1_254' title='bbox 1499 1264 1614 1295; x_wconf 87' lang='lat' dir='ltr'>verbis</span> <span class='ocrx_word' id='word_1_255' title='bbox 1638 1264 1780 1305; x_wconf 84' lang='lat' dir='ltr'>exprimi</span> <span class='ocrx_word' id='word_1_256' title='bbox 1798 1271 1910 1305; x_wconf 80' lang='lat' dir='ltr'>posset</span> <span class='ocrx_word' id='word_1_257' title='bbox 1924 1264 1944 1295; x_wconf 70' lang='lat'>⁵.</span> 
     </span>
     <span class='ocr_line' id='line_1_31' title="bbox 121 1316 1945 1361; baseline 0 -13"><span class='ocrx_word' id='word_1_258' title='bbox 121 1316 136 1332; x_wconf 75' lang='lat'>‘⁴</span> <span class='ocrx_word' id='word_1_259' title='bbox 151 1316 296 1360; x_wconf 84' lang='lat' dir='ltr'>Legitur</span> <span class='ocrx_word' id='word_1_260' title='bbox 319 1317 421 1355; x_wconf 89' lang='lat' dir='ltr'>enim,</span> <span class='ocrx_word' id='word_1_261' title='bbox 445 1323 479 1349; x_wconf 88' lang='lat' dir='ltr'>et</span> <span class='ocrx_word' id='word_1_262' title='bbox 502 1317 536 1348; x_wconf 85' lang='lat' dir='ltr'>in</span> <span class='ocrx_word' id='word_1_263' title='bbox 560 1324 726 1359; x_wconf 90' lang='lat' dir='ltr'>perpetua</span> <span class='ocrx_word' id='word_1_264' title='bbox 743 1318 907 1350; x_wconf 88' lang='lat' dir='ltr'>memoria</span> <span class='ocrx_word' id='word_1_265' title='bbox 924 1318 1139 1354; x_wconf 84' lang='lat' dir='ltr'>retinebitur,</span> <span class='ocrx_word' id='word_1_266' title='bbox 1157 1318 1200 1349; x_wconf 89' lang='lat' dir='ltr'>de</span> <span class='ocrx_word' id='word_1_267' title='bbox 1217 1318 1327 1361; x_wconf 82' lang='lat' dir='ltr'>gloria</span> <span class='ocrx_word' id='word_1_268' title='bbox 1342 1317 1486 1349; x_wconf 87' lang='lat' dir='ltr'>militum</span> <span class='ocrx_word' id='word_1_269' title='bbox 1504 1317 1690 1349; x_wconf 86' lang='lat' dir='ltr'>Alexandri</span> <span class='ocrx_word' id='word_1_270' title='bbox 1707 1316 1911 1349; x_wconf 83' lang='lat' dir='ltr'>Macedonis</span> <span class='ocrx_word' id='word_1_271' title='bbox 1923 1317 1945 1355; x_wconf 83' lang='lat'>⁸,</span> 
     </span>
     <span class='ocr_line' id='line_1_32' title="bbox 121 1369 1945 1412; baseline 0 -11"><span class='ocrx_word' id='word_1_272' title='bbox 121 1369 135 1385; x_wconf 74' lang='lat'>¹⁴</span> <span class='ocrx_word' id='word_1_273' title='bbox 150 1375 184 1402; x_wconf 89' lang='lat' dir='ltr'>et</span> <span class='ocrx_word' id='word_1_274' title='bbox 207 1369 430 1402; x_wconf 84' lang='lat' dir='ltr'>maximorum</span> <span class='ocrx_word' id='word_1_275' title='bbox 454 1370 667 1412; x_wconf 85' lang='lat' dir='ltr'>principum;</span> <span class='ocrx_word' id='word_1_276' title='bbox 693 1377 744 1402; x_wconf 89' lang='lat' dir='ltr'>set</span> <span class='ocrx_word' id='word_1_277' title='bbox 768 1370 974 1403; x_wconf 88' lang='lat' dir='ltr'>clericorum</span> <span class='ocrx_word' id='word_1_278' title='bbox 999 1378 1095 1412; x_wconf 87' lang='lat' dir='ltr'>gesta</span> <span class='ocrx_word' id='word_1_279' title='bbox 1119 1371 1213 1402; x_wconf 90' lang='lat' dir='ltr'>circa</span> <span class='ocrx_word' id='word_1_280' title='bbox 1237 1370 1493 1412; x_wconf 88' lang='lat' dir='ltr'>predicationes</span> <span class='ocrx_word' id='word_1_281' title='bbox 1517 1376 1549 1402; x_wconf 91' lang='lat' dir='ltr'>et</span> <span class='ocrx_word' id='word_1_282' title='bbox 1573 1370 1809 1402; x_wconf 83' lang='lat' dir='ltr'>ecclesiastica</span> <span class='ocrx_word' id='word_1_283' title='bbox 1833 1370 1945 1402; x_wconf 84' lang='lat' dir='ltr'>officia</span> 
     </span>
     <span class='ocr_line' id='line_1_33' title="bbox 120 1423 1945 1466; baseline -0.001 -11"><span class='ocrx_word' id='word_1_284' title='bbox 120 1423 135 1439; x_wconf 72' lang='lat'>‘⁶</span> <span class='ocrx_word' id='word_1_285' title='bbox 151 1423 382 1455; x_wconf 86' lang='lat' dir='ltr'>continentur.</span> <span class='ocrx_word' id='word_1_286' title='bbox 429 1423 521 1455; x_wconf 82' lang='lat' dir='ltr'>Laus</span> <span class='ocrx_word' id='word_1_287' title='bbox 545 1423 634 1455; x_wconf 88' lang='lat' dir='ltr'>enim</span> <span class='ocrx_word' id='word_1_288' title='bbox 658 1423 709 1456; x_wconf 88' lang='lat' dir='ltr'>sic</span> <span class='ocrx_word' id='word_1_289' title='bbox 733 1423 837 1456; x_wconf 88' lang='lat' dir='ltr'>debet</span> <span class='ocrx_word' id='word_1_290' title='bbox 860 1424 1047 1466; x_wconf 90' lang='lat' dir='ltr'>unicuique</span> <span class='ocrx_word' id='word_1_291' title='bbox 1075 1424 1188 1456; x_wconf 90' lang='lat' dir='ltr'>ordini</span> <span class='ocrx_word' id='word_1_292' title='bbox 1213 1423 1365 1461; x_wconf 83' lang='lat' dir='ltr'>attribui,</span> <span class='ocrx_word' id='word_1_293' title='bbox 1389 1431 1423 1454; x_wconf 91' lang='lat' dir='ltr'>ut</span> <span class='ocrx_word' id='word_1_294' title='bbox 1447 1423 1540 1465; x_wconf 90' lang='lat' dir='ltr'>quod</span> <span class='ocrx_word' id='word_1_295' title='bbox 1566 1423 1663 1454; x_wconf 87' lang='lat' dir='ltr'>unius</span> <span class='ocrx_word' id='word_1_296' title='bbox 1685 1429 1746 1461; x_wconf 82' lang='lat' dir='ltr'>est,</span> <span class='ocrx_word' id='word_1_297' title='bbox 1763 1423 1859 1455; x_wconf 90' lang='lat' dir='ltr'>alteri</span> <span class='ocrx_word' id='word_1_298' title='bbox 1883 1423 1945 1454; x_wconf 89' lang='lat' dir='ltr'>mi-</span> 
     </span>
     <span class='ocr_line' id='line_1_34' title="bbox 123 1475 1946 1519; baseline 0 -12"><span class='ocrx_word' id='word_1_299' title='bbox 123 1476 241 1508; x_wconf 81' lang='lat' dir='ltr'>“nime</span> <span class='ocrx_word' id='word_1_300' title='bbox 269 1477 477 1509; x_wconf 79' lang='lat' dir='ltr'>conferatur.</span> <span class='ocrx_word' id='word_1_301' title='bbox 526 1475 604 1508; x_wconf 92' lang='lat' dir='ltr'>Non</span> <span class='ocrx_word' id='word_1_302' title='bbox 635 1482 713 1508; x_wconf 90' lang='lat' dir='ltr'>sunt</span> <span class='ocrx_word' id='word_1_303' title='bbox 744 1486 828 1518; x_wconf 88' lang='lat' dir='ltr'>ergo</span> <span class='ocrx_word' id='word_1_304' title='bbox 859 1477 988 1508; x_wconf 84' lang='lat' dir='ltr'>milites</span> <span class='ocrx_word' id='word_1_305' title='bbox 1019 1477 1077 1519; x_wconf 87' lang='lat' dir='ltr'>qui</span> <span class='ocrx_word' id='word_1_306' title='bbox 1108 1477 1170 1508; x_wconf 89' lang='lat' dir='ltr'>sub</span> <span class='ocrx_word' id='word_1_307' title='bbox 1201 1487 1242 1508; x_wconf 92' lang='lat' dir='ltr'>eo</span> <span class='ocrx_word' id='word_1_308' title='bbox 1274 1477 1431 1515; x_wconf 87' lang='lat' dir='ltr'>militant,</span> <span class='ocrx_word' id='word_1_309' title='bbox 1463 1477 1524 1508; x_wconf 82' lang='lat' dir='ltr'>sed</span> <span class='ocrx_word' id='word_1_310' title='bbox 1557 1483 1726 1517; x_wconf 88' lang='lat' dir='ltr'>raptores:</span> <span class='ocrx_word' id='word_1_311' title='bbox 1757 1478 1846 1509; x_wconf 89' lang='lat' dir='ltr'>unde</span> <span class='ocrx_word' id='word_1_312' title='bbox 1879 1487 1946 1509; x_wconf 89' lang='lat' dir='ltr'>non</span> 
     </span>
     <span class='ocr_line' id='line_1_35' title="bbox 123 1529 1945 1571; baseline 0 -10"><span class='ocrx_word' id='word_1_313' title='bbox 123 1529 316 1562; x_wconf 82' lang='lat' dir='ltr'>“auderent</span> <span class='ocrx_word' id='word_1_314' title='bbox 341 1539 401 1561; x_wconf 87' lang='lat' dir='ltr'>nos</span> <span class='ocrx_word' id='word_1_315' title='bbox 424 1536 626 1571; x_wconf 87' lang='lat' dir='ltr'>exspectare</span> <span class='ocrx_word' id='word_1_316' title='bbox 649 1529 684 1560; x_wconf 91' lang='lat' dir='ltr'>in</span> <span class='ocrx_word' id='word_1_317' title='bbox 709 1529 811 1567; x_wconf 90' lang='lat' dir='ltr'>bello,</span> <span class='ocrx_word' id='word_1_318' title='bbox 834 1529 895 1561; x_wconf 91' lang='lat' dir='ltr'>sed</span> <span class='ocrx_word' id='word_1_319' title='bbox 919 1530 1054 1571; x_wconf 84' lang='lat' dir='ltr'>fugient</span> <span class='ocrx_word' id='word_1_320' title='bbox 1078 1541 1098 1561; x_wconf 88' lang='lat' dir='ltr'>a</span> <span class='ocrx_word' id='word_1_321' title='bbox 1122 1530 1212 1561; x_wconf 79' lang='lat' dir='ltr'>facie</span> <span class='ocrx_word' id='word_1_322' title='bbox 1238 1536 1353 1561; x_wconf 82' lang='lat' dir='ltr'>nostra</span> <span class='ocrx_word' id='word_1_323' title='bbox 1376 1536 1549 1571; x_wconf 91' lang='lat' dir='ltr'>tamquam</span> <span class='ocrx_word' id='word_1_324' title='bbox 1574 1529 1668 1560; x_wconf 89' lang='lat' dir='ltr'>milvi</span> <span class='ocrx_word' id='word_1_325' title='bbox 1692 1540 1711 1560; x_wconf 92' lang='lat' dir='ltr'>a</span> <span class='ocrx_word' id='word_1_326' title='bbox 1735 1529 1826 1561; x_wconf 79' lang='lat' dir='ltr'>facie</span> <span class='ocrx_word' id='word_1_327' title='bbox 1850 1530 1945 1571; x_wconf 92' lang='lat' dir='ltr'>aqui-</span> 
     </span>
     <span class='ocr_line' id='line_1_36' title="bbox 121 1582 1943 1624; baseline 0 -10"><span class='ocrx_word' id='word_1_328' title='bbox 121 1582 269 1615; x_wconf 85' lang='lat' dir='ltr'>“larum.</span> <span class='ocrx_word' id='word_1_329' title='bbox 315 1582 386 1614; x_wconf 89' lang='lat' dir='ltr'>Sed</span> <span class='ocrx_word' id='word_1_330' title='bbox 409 1582 436 1614; x_wconf 89' lang='lat' dir='ltr'>si</span> <span class='ocrx_word' id='word_1_331' title='bbox 460 1582 550 1615; x_wconf 77' lang='lat' dir='ltr'>forte</span> <span class='ocrx_word' id='word_1_332' title='bbox 574 1582 735 1615; x_wconf 88' lang='lat' dir='ltr'>inebriati</span> <span class='ocrx_word' id='word_1_333' title='bbox 759 1583 1017 1624; x_wconf 87' lang='lat' dir='ltr'>presumptione</span> <span class='ocrx_word' id='word_1_334' title='bbox 1041 1584 1096 1614; x_wconf 91' lang='lat' dir='ltr'>vel</span> <span class='ocrx_word' id='word_1_335' title='bbox 1121 1583 1266 1614; x_wconf 86' lang='lat' dir='ltr'>stultitia</span> <span class='ocrx_word' id='word_1_336' title='bbox 1289 1593 1350 1614; x_wconf 91' lang='lat' dir='ltr'>nos</span> <span class='ocrx_word' id='word_1_337' title='bbox 1374 1582 1553 1624; x_wconf 89' lang='lat' dir='ltr'>prestolari</span> <span class='ocrx_word' id='word_1_338' title='bbox 1586 1582 1763 1620; x_wconf 89' lang='lat' dir='ltr'>auderent,</span> <span class='ocrx_word' id='word_1_339' title='bbox 1795 1582 1943 1624; x_wconf 86' lang='lat' dir='ltr'>ipsorum</span> 
     </span>
    </p>
   </div>
   <div class='ocr_carea' id='block_1_13' title="bbox 118 1685 1953 2223">
    <p class='ocr_par' dir='ltr' id='par_1_13' title="bbox 118 1685 1953 2223">
     <span class='ocr_line' id='line_1_37' title="bbox 209 1685 1944 1718; baseline -0.001 -8"><span class='ocrx_word' id='word_1_340' title='bbox 209 1693 228 1710; x_wconf 89' lang='lat'>1.</span> <span class='ocrx_word' id='word_1_341' title='bbox 249 1686 414 1711; x_wconf 85' lang='lat' dir='ltr'>Brettinoro</span> <span class='ocrx_word' id='word_1_342' title='bbox 439 1685 462 1709; x_wconf 87' lang='lat' dir='ltr'><em>V</em></span> <span class='ocrx_word' id='word_1_343' title='bbox 483 1699 494 1704; x_wconf 94' lang='lat'>-</span> <span class='ocrx_word' id='word_1_344' title='bbox 518 1687 668 1710; x_wconf 81' lang='lat' dir='ltr'>comittatu</span> <span class='ocrx_word' id='word_1_345' title='bbox 704 1688 728 1711; x_wconf 91' lang='lat' dir='ltr'><em>V</em></span> <span class='ocrx_word' id='word_1_346' title='bbox 748 1700 779 1704; x_wconf 88' lang='lat'>—</span> <span class='ocrx_word' id='word_1_347' title='bbox 807 1693 829 1710; x_wconf 85' lang='lat'>2.</span> <span class='ocrx_word' id='word_1_348' title='bbox 851 1687 1000 1718; x_wconf 85' lang='lat' dir='ltr'>promissit</span> <span class='ocrx_word' id='word_1_349' title='bbox 1030 1687 1051 1710; x_wconf 88' lang='lat' dir='ltr'><em>C</em></span> <span class='ocrx_word' id='word_1_350' title='bbox 1069 1701 1099 1703; x_wconf 84' lang='lat'>—</span> <span class='ocrx_word' id='word_1_351' title='bbox 1120 1694 1143 1718; x_wconf 88' lang='lat'>3.</span> <span class='ocrx_word' id='word_1_352' title='bbox 1164 1687 1297 1718; x_wconf 82' lang='lat' dir='ltr'>potestis]</span> <span class='ocrx_word' id='word_1_353' title='bbox 1317 1687 1433 1718; x_wconf 81' lang='lat' dir='ltr'>possitis</span> <span class='ocrx_word' id='word_1_354' title='bbox 1462 1686 1484 1709; x_wconf 80' lang='lat'>1‘</span> <span class='ocrx_word' id='word_1_355' title='bbox 1499 1700 1528 1702; x_wconf 78' lang='lat'>-—</span> <span class='ocrx_word' id='word_1_356' title='bbox 1551 1691 1574 1716; x_wconf 83' lang='lat'>5.</span> <span class='ocrx_word' id='word_1_357' title='bbox 1596 1693 1696 1709; x_wconf 87' lang='lat' dir='ltr'>nomen</span> <span class='ocrx_word' id='word_1_358' title='bbox 1718 1689 1890 1718; x_wconf 75' lang='lat' dir='ltr'>perpetuum,</span> <span class='ocrx_word' id='word_1_359' title='bbox 1915 1685 1944 1716; x_wconf 85' lang='lat'>0}</span> 
     </span>
     <span class='ocr_line' id='line_1_38' title="bbox 120 1727 1943 1761; baseline -0.001 -8"><span class='ocrx_word' id='word_1_360' title='bbox 120 1729 254 1753; x_wconf 84' lang='lat' dir='ltr'>nominis.</span> <span class='ocrx_word' id='word_1_361' title='bbox 291 1728 453 1760; x_wconf 83' lang='lat' dir='ltr'>Propterea,</span> <span class='ocrx_word' id='word_1_362' title='bbox 473 1735 490 1752; x_wconf 88' lang='lat' dir='ltr'>o</span> <span class='ocrx_word' id='word_1_363' title='bbox 511 1729 544 1752; x_wconf 74' lang='lat' dir='ltr'><em>M</em></span> <span class='ocrx_word' id='word_1_364' title='bbox 563 1742 572 1747; x_wconf 92' lang='lat'><em>-</em></span> <span class='ocrx_word' id='word_1_365' title='bbox 591 1729 704 1761; x_wconf 86' lang='lat' dir='ltr'>Egregii</span> <span class='ocrx_word' id='word_1_366' title='bbox 729 1729 751 1753; x_wconf 87' lang='lat' dir='ltr'><em>C</em></span> <span class='ocrx_word' id='word_1_367' title='bbox 769 1743 777 1746; x_wconf 95' lang='lat'><em>-</em></span> <span class='ocrx_word' id='word_1_368' title='bbox 799 1729 959 1753; x_wconf 85' lang='lat' dir='ltr'>Lonbardie</span> <span class='ocrx_word' id='word_1_369' title='bbox 980 1730 1016 1758; x_wconf 74' lang='lat'>1³3</span> <span class='ocrx_word' id='word_1_370' title='bbox 1040 1729 1207 1752; x_wconf 86' lang='lat' dir='ltr'>Lumbardie</span> <span class='ocrx_word' id='word_1_371' title='bbox 1232 1729 1262 1753; x_wconf 84' lang='lat' dir='ltr'><em>C:</em></span> <span class='ocrx_word' id='word_1_372' title='bbox 1285 1728 1472 1752; x_wconf 78' lang='lat' dir='ltr'>Lombardiae</span> <span class='ocrx_word' id='word_1_373' title='bbox 1491 1728 1524 1751; x_wconf 92' lang='lat' dir='ltr'><em>M</em></span> <span class='ocrx_word' id='word_1_374' title='bbox 1540 1741 1549 1746; x_wconf 97' lang='lat'>-</span> <span class='ocrx_word' id='word_1_375' title='bbox 1569 1727 1744 1759; x_wconf 79' lang='lat' dir='ltr'>Romagnolc</span> <span class='ocrx_word' id='word_1_376' title='bbox 1772 1730 1802 1755; x_wconf 71' lang='lat'>1‘2</span> <span class='ocrx_word' id='word_1_377' title='bbox 1823 1729 1943 1752; x_wconf 81' lang='lat' dir='ltr'>Roman—</span> 
     </span>
     <span class='ocr_line' id='line_1_39' title="bbox 119 1770 1946 1802; baseline 0 -8"><span class='ocrx_word' id='word_1_378' title='bbox 119 1770 197 1795; x_wconf 78' lang='lat' dir='ltr'>diole</span> <span class='ocrx_word' id='word_1_379' title='bbox 218 1771 252 1798; x_wconf 70' lang='grc' dir='ltr'>σς</span> <span class='ocrx_word' id='word_1_380' title='bbox 273 1770 481 1795; x_wconf 85' lang='lat' dir='ltr'>Romandiolae</span> <span class='ocrx_word' id='word_1_381' title='bbox 501 1772 581 1795; x_wconf 70' lang='lat' dir='ltr'>M-</span> <span class='ocrx_word' id='word_1_382' title='bbox 603 1771 626 1795; x_wconf 83' lang='lat'>6.</span> <span class='ocrx_word' id='word_1_383' title='bbox 648 1772 829 1795; x_wconf 83' lang='lat' dir='ltr'>neccessitate</span> <span class='ocrx_word' id='word_1_384' title='bbox 853 1771 876 1795; x_wconf 87' lang='lat' dir='ltr'><em>C</em></span> <span class='ocrx_word' id='word_1_385' title='bbox 892 1784 902 1789; x_wconf 94' lang='lat'>-</span> <span class='ocrx_word' id='word_1_386' title='bbox 925 1772 1071 1802; x_wconf 86' lang='lat' dir='ltr'>virtutem]</span> <span class='ocrx_word' id='word_1_387' title='bbox 1098 1773 1230 1795; x_wconf 85' lang='lat' dir='ltr'>virtutem</span> <span class='ocrx_word' id='word_1_388' title='bbox 1258 1778 1328 1801; x_wconf 80' lang='lat' dir='ltr'>rogo</span> <span class='ocrx_word' id='word_1_389' title='bbox 1355 1771 1392 1795; x_wconf 85' lang='lat' dir='ltr'><em>M</em></span> <span class='ocrx_word' id='word_1_390' title='bbox 1412 1783 1421 1788; x_wconf 95' lang='lat'>-</span> <span class='ocrx_word' id='word_1_391' title='bbox 1450 1773 1551 1794; x_wconf 87' lang='lat' dir='ltr'>mettus</span> <span class='ocrx_word' id='word_1_392' title='bbox 1581 1771 1602 1793; x_wconf 88' lang='lat' dir='ltr'><em>C</em></span> <span class='ocrx_word' id='word_1_393' title='bbox 1627 1785 1655 1787; x_wconf 96' lang='lat'>-—</span> <span class='ocrx_word' id='word_1_394' title='bbox 1684 1778 1705 1802; x_wconf 89' lang='lat'>7.</span> <span class='ocrx_word' id='word_1_395' title='bbox 1732 1771 1881 1794; x_wconf 86' lang='lat' dir='ltr'>solicitant</span> <span class='ocrx_word' id='word_1_396' title='bbox 1915 1771 1946 1799; x_wconf 62' lang='grc' dir='ltr'>νς</span> 
     </span>
     <span class='ocr_line' id='line_1_40' title="bbox 119 1811 1949 1845; baseline -0.001 -8"><span class='ocrx_word' id='word_1_397' title='bbox 119 1813 249 1838; x_wconf 77' lang='lat' dir='ltr'>solicitat</span> <span class='ocrx_word' id='word_1_398' title='bbox 271 1812 294 1836; x_wconf 85' lang='lat' dir='ltr'><em>C</em></span> <span class='ocrx_word' id='word_1_399' title='bbox 310 1825 320 1831; x_wconf 93' lang='lat'>-</span> <span class='ocrx_word' id='word_1_400' title='bbox 342 1811 476 1845; x_wconf 87' lang='lat' dir='ltr'>tempore]</span> <span class='ocrx_word' id='word_1_401' title='bbox 495 1814 559 1837; x_wconf 89' lang='lat' dir='ltr'>hoie</span> <span class='ocrx_word' id='word_1_402' title='bbox 580 1813 623 1841; x_wconf 88' lang='lat'>(=</span> <span class='ocrx_word' id='word_1_403' title='bbox 635 1814 720 1838; x_wconf 88' lang='lat' dir='ltr'>hodie</span> <span class='ocrx_word' id='word_1_404' title='bbox 731 1814 750 1845; x_wconf 89' lang='lat'>?)</span> <span class='ocrx_word' id='word_1_405' title='bbox 774 1813 797 1837; x_wconf 90' lang='lat' dir='ltr'><em>C</em></span> <span class='ocrx_word' id='word_1_406' title='bbox 811 1826 824 1831; x_wconf 95' lang='lat'>-</span> <span class='ocrx_word' id='word_1_407' title='bbox 844 1821 934 1845; x_wconf 81' lang='lat' dir='ltr'>agone</span> <span class='ocrx_word' id='word_1_408' title='bbox 953 1814 985 1837; x_wconf 83' lang='lat' dir='ltr'><em>M</em></span> <span class='ocrx_word' id='word_1_409' title='bbox 1001 1826 1012 1831; x_wconf 96' lang='lat'><em>-</em></span> <span class='ocrx_word' id='word_1_410' title='bbox 1031 1816 1193 1845; x_wconf 86' lang='lat' dir='ltr'>opportuno</span> <span class='ocrx_word' id='word_1_411' title='bbox 1218 1813 1239 1836; x_wconf 87' lang='lat' dir='ltr'><em>C</em></span> <span class='ocrx_word' id='word_1_412' title='bbox 1256 1814 1290 1836; x_wconf 80' lang='lat' dir='ltr'>ed</span> <span class='ocrx_word' id='word_1_413' title='bbox 1307 1814 1343 1837; x_wconf 91' lang='lat' dir='ltr'><em>M</em></span> <span class='ocrx_word' id='word_1_414' title='bbox 1359 1827 1390 1830; x_wconf 86' lang='lat'><strong>—</strong></span> <span class='ocrx_word' id='word_1_415' title='bbox 1411 1813 1434 1836; x_wconf 90' lang='lat' dir='ltr'>S.</span> <span class='ocrx_word' id='word_1_416' title='bbox 1461 1814 1489 1837; x_wconf 90' lang='lat' dir='ltr'>in</span> <span class='ocrx_word' id='word_1_417' title='bbox 1511 1814 1651 1844; x_wconf 83' lang='lat' dir='ltr'>integrum</span> <span class='ocrx_word' id='word_1_418' title='bbox 1671 1822 1719 1837; x_wconf 85' lang='lat' dir='ltr'>om.</span> <span class='ocrx_word' id='word_1_419' title='bbox 1748 1814 1790 1836; x_wconf 73' lang='grc' dir='ltr'>Γ·</span> <span class='ocrx_word' id='word_1_420' title='bbox 1809 1813 1904 1836; x_wconf 83' lang='lat' dir='ltr'>anima</span> <span class='ocrx_word' id='word_1_421' title='bbox 1927 1813 1949 1836; x_wconf 83' lang='lat' dir='ltr'><em>C</em></span> 
     </span>
     <span class='ocr_line' id='line_1_41' title="bbox 118 1853 1949 1887; baseline 0 -8"><span class='ocrx_word' id='word_1_422' title='bbox 118 1855 152 1879; x_wconf 73' lang='lat' dir='ltr'>ed</span> <span class='ocrx_word' id='word_1_423' title='bbox 169 1853 204 1877; x_wconf 83' lang='lat' dir='ltr'><em>M</em></span> <span class='ocrx_word' id='word_1_424' title='bbox 219 1868 250 1872; x_wconf 94' lang='lat'><strong>—</strong></span> <span class='ocrx_word' id='word_1_425' title='bbox 268 1862 293 1887; x_wconf 89' lang='lat'>9.</span> <span class='ocrx_word' id='word_1_426' title='bbox 313 1862 414 1886; x_wconf 82' lang='lat' dir='ltr'>corpus</span> <span class='ocrx_word' id='word_1_427' title='bbox 434 1857 461 1879; x_wconf 86' lang='lat' dir='ltr'>et</span> <span class='ocrx_word' id='word_1_428' title='bbox 480 1856 592 1879; x_wconf 86' lang='lat' dir='ltr'>animus</span> <span class='ocrx_word' id='word_1_429' title='bbox 621 1856 683 1879; x_wconf 90' lang='lat' dir='ltr'>V—</span> <span class='ocrx_word' id='word_1_430' title='bbox 702 1863 739 1880; x_wconf 79' lang='grc' dir='ltr'>ιο.</span> <span class='ocrx_word' id='word_1_431' title='bbox 760 1857 854 1880; x_wconf 85' lang='lat' dir='ltr'>exibet</span> <span class='ocrx_word' id='word_1_432' title='bbox 872 1855 898 1883; x_wconf 84' lang='lat' dir='ltr'>C.</span> <span class='ocrx_word' id='word_1_433' title='bbox 920 1865 933 1879; x_wconf 82' lang='lat' dir='ltr'>e</span> <span class='ocrx_word' id='word_1_434' title='bbox 952 1856 1003 1880; x_wconf 77' lang='lat' dir='ltr'>cos)</span> <span class='ocrx_word' id='word_1_435' title='bbox 1018 1857 1102 1879; x_wconf 82' lang='lat' dir='ltr'>subito</span> <span class='ocrx_word' id='word_1_436' title='bbox 1115 1857 1181 1886; x_wconf 78' lang='lat' dir='ltr'>dopo</span> <span class='ocrx_word' id='word_1_437' title='bbox 1200 1855 1369 1879; x_wconf 77' lang='lat' dir='ltr'>exibendum</span> <span class='ocrx_word' id='word_1_438' title='bbox 1391 1869 1422 1872; x_wconf 91' lang='lat'><strong>—</strong></span> <span class='ocrx_word' id='word_1_439' title='bbox 1445 1862 1484 1879; x_wconf 78' lang='grc' dir='ltr'>ιι,</span> <span class='ocrx_word' id='word_1_440' title='bbox 1504 1855 1631 1879; x_wconf 78' lang='lat' dir='ltr'>Preterea</span> <span class='ocrx_word' id='word_1_441' title='bbox 1651 1854 1732 1886; x_wconf 75' lang='lat' dir='ltr'>scire]</span> <span class='ocrx_word' id='word_1_442' title='bbox 1753 1855 1894 1878; x_wconf 79' lang='lat' dir='ltr'>Praescire</span> <span class='ocrx_word' id='word_1_443' title='bbox 1914 1856 1949 1879; x_wconf 84' lang='lat' dir='ltr'><em>M</em></span> 
     </span>
     <span class='ocr_line' id='line_1_42' title="bbox 119 1896 1943 1930; baseline -0.001 -9"><span class='ocrx_word' id='word_1_444' title='bbox 119 1909 130 1915; x_wconf 97' lang='lat'>-</span> <span class='ocrx_word' id='word_1_445' title='bbox 149 1896 228 1929; x_wconf 74' lang='lat' dir='ltr'>sunt}</span> <span class='ocrx_word' id='word_1_446' title='bbox 247 1897 306 1921; x_wconf 85' lang='lat' dir='ltr'>sint</span> <span class='ocrx_word' id='word_1_447' title='bbox 334 1897 356 1921; x_wconf 84' lang='lat' dir='ltr'><em>C</em></span> <span class='ocrx_word' id='word_1_448' title='bbox 379 1898 413 1921; x_wconf 79' lang='lat' dir='ltr'>ed</span> <span class='ocrx_word' id='word_1_449' title='bbox 435 1898 473 1921; x_wconf 78' lang='lat' dir='ltr'><em>M</em></span> <span class='ocrx_word' id='word_1_450' title='bbox 492 1910 503 1915; x_wconf 93' lang='lat'><em>-</em></span> <span class='ocrx_word' id='word_1_451' title='bbox 530 1898 691 1929; x_wconf 82' lang='lat' dir='ltr'>ignoratur]</span> <span class='ocrx_word' id='word_1_452' title='bbox 712 1899 753 1922; x_wconf 82' lang='lat' dir='ltr'>ibi</span> <span class='ocrx_word' id='word_1_453' title='bbox 774 1899 922 1930; x_wconf 75' lang='lat' dir='ltr'>ignoratur</span> <span class='ocrx_word' id='word_1_454' title='bbox 947 1897 972 1920; x_wconf 90' lang='lat' dir='ltr'><em>V</em></span> <span class='ocrx_word' id='word_1_455' title='bbox 986 1912 1018 1916; x_wconf 87' lang='lat'><strong>—</strong></span> <span class='ocrx_word' id='word_1_456' title='bbox 1043 1905 1080 1922; x_wconf 84' lang='lat'>12.</span> <span class='ocrx_word' id='word_1_457' title='bbox 1103 1906 1158 1921; x_wconf 87' lang='lat' dir='ltr'>non</span> <span class='ocrx_word' id='word_1_458' title='bbox 1179 1901 1220 1922; x_wconf 86' lang='lat' dir='ltr'>est</span> <span class='ocrx_word' id='word_1_459' title='bbox 1241 1898 1279 1921; x_wconf 86' lang='lat' dir='ltr'>rei</span> <span class='ocrx_word' id='word_1_460' title='bbox 1300 1901 1403 1921; x_wconf 87' lang='lat' dir='ltr'>certam</span> <span class='ocrx_word' id='word_1_461' title='bbox 1424 1897 1589 1920; x_wconf 78' lang='lat' dir='ltr'>relationem</span> <span class='ocrx_word' id='word_1_462' title='bbox 1610 1897 1690 1924; x_wconf 68' lang='lat' dir='ltr'>scire,</span> <span class='ocrx_word' id='word_1_463' title='bbox 1709 1906 1771 1921; x_wconf 76' lang='lat' dir='ltr'>cum</span> <span class='ocrx_word' id='word_1_464' title='bbox 1794 1897 1817 1920; x_wconf 91' lang='lat' dir='ltr'><em>C</em></span> <span class='ocrx_word' id='word_1_465' title='bbox 1833 1898 1866 1921; x_wconf 82' lang='lat' dir='ltr'>ed</span> <span class='ocrx_word' id='word_1_466' title='bbox 1884 1898 1916 1920; x_wconf 77' lang='lat' dir='ltr'><em>M</em></span> <span class='ocrx_word' id='word_1_467' title='bbox 1934 1910 1943 1915; x_wconf 90' lang='lat'>-</span> 
     </span>
     <span class='ocr_line' id='line_1_43' title="bbox 120 1938 1946 1973; baseline 0 -11"><span class='ocrx_word' id='word_1_468' title='bbox 120 1939 282 1963; x_wconf 83' lang='lat' dir='ltr'>necesitatis</span> <span class='ocrx_word' id='word_1_469' title='bbox 306 1939 328 1962; x_wconf 90' lang='lat' dir='ltr'><em>C</em></span> <span class='ocrx_word' id='word_1_470' title='bbox 345 1952 377 1956; x_wconf 89' lang='lat'>—</span> <span class='ocrx_word' id='word_1_471' title='bbox 400 1946 439 1971; x_wconf 89' lang='lat'>¹3·</span> <span class='ocrx_word' id='word_1_472' title='bbox 460 1939 625 1970; x_wconf 87' lang='lat' dir='ltr'>vivendum]</span> <span class='ocrx_word' id='word_1_473' title='bbox 644 1941 799 1964; x_wconf 80' lang='lat' dir='ltr'>iuvandum</span> <span class='ocrx_word' id='word_1_474' title='bbox 826 1940 874 1963; x_wconf 91' lang='lat' dir='ltr'>V-</span> <span class='ocrx_word' id='word_1_475' title='bbox 894 1938 974 1973; x_wconf 87' lang='lat' dir='ltr'>quid}</span> <span class='ocrx_word' id='word_1_476' title='bbox 994 1941 1068 1972; x_wconf 91' lang='lat' dir='ltr'>quod</span> <span class='ocrx_word' id='word_1_477' title='bbox 1095 1941 1119 1964; x_wconf 91' lang='lat' dir='ltr'><em>V</em></span> <span class='ocrx_word' id='word_1_478' title='bbox 1135 1954 1159 1957; x_wconf 97' lang='lat'><strong>—</strong></span> <span class='ocrx_word' id='word_1_479' title='bbox 1189 1947 1274 1971; x_wconf 72' lang='lat'>13-14.</span> <span class='ocrx_word' id='word_1_480' title='bbox 1293 1941 1480 1963; x_wconf 67' lang='lat' dir='ltr'>convenerim:</span> <span class='ocrx_word' id='word_1_481' title='bbox 1499 1939 1533 1963; x_wconf 90' lang='lat' dir='ltr'>ad</span> <span class='ocrx_word' id='word_1_482' title='bbox 1555 1940 1676 1963; x_wconf 85' lang='lat' dir='ltr'>invicem</span> <span class='ocrx_word' id='word_1_483' title='bbox 1697 1939 1761 1963; x_wconf 87' lang='lat' dir='ltr'>dum</span> <span class='ocrx_word' id='word_1_484' title='bbox 1776 1946 1946 1970; x_wconf 83' lang='lat' dir='ltr'>cousequan-</span> 
     </span>
     <span class='ocr_line' id='line_1_44' title="bbox 118 1980 1943 2014; baseline 0 -10"><span class='ocrx_word' id='word_1_485' title='bbox 118 1982 174 2005; x_wconf 81' lang='lat' dir='ltr'>tur.</span> <span class='ocrx_word' id='word_1_486' title='bbox 210 1980 263 2005; x_wconf 90' lang='lat' dir='ltr'>Sed</span> <span class='ocrx_word' id='word_1_487' title='bbox 283 1981 351 2012; x_wconf 83' lang='lat' dir='ltr'>quid</span> <span class='ocrx_word' id='word_1_488' title='bbox 370 1982 504 2013; x_wconf 86' lang='lat' dir='ltr'>consequi</span> <span class='ocrx_word' id='word_1_489' title='bbox 523 1984 641 2014; x_wconf 86' lang='lat' dir='ltr'>possunt</span> <span class='ocrx_word' id='word_1_490' title='bbox 663 1983 766 2014; x_wconf 75' lang='lat' dir='ltr'>{possit</span> <span class='ocrx_word' id='word_1_491' title='bbox 789 1982 843 2013; x_wconf 82' lang='lat' dir='ltr'>Cl?</span> <span class='ocrx_word' id='word_1_492' title='bbox 865 1981 888 2006; x_wconf 88' lang='lat' dir='ltr'><em>C</em></span> <span class='ocrx_word' id='word_1_493' title='bbox 904 1983 938 2005; x_wconf 81' lang='lat' dir='ltr'>ed</span> <span class='ocrx_word' id='word_1_494' title='bbox 956 1983 991 2005; x_wconf 64' lang='lat' dir='ltr'>,r&#39;ll</span> <span class='ocrx_word' id='word_1_495' title='bbox 1010 1995 1039 1999; x_wconf 94' lang='lat'>—</span> <span class='ocrx_word' id='word_1_496' title='bbox 1063 1989 1101 2012; x_wconf 71' lang='lat'>¹4·</span> <span class='ocrx_word' id='word_1_497' title='bbox 1122 1982 1285 2013; x_wconf 85' lang='lat' dir='ltr'>praesertim</span> <span class='ocrx_word' id='word_1_498' title='bbox 1304 1982 1339 2004; x_wconf 87' lang='lat' dir='ltr'><em>M</em></span> <span class='ocrx_word' id='word_1_499' title='bbox 1354 1995 1384 1998; x_wconf 90' lang='lat'>-</span> <span class='ocrx_word' id='word_1_500' title='bbox 1409 1987 1447 2011; x_wconf 79' lang='lat'>¹5-</span> <span class='ocrx_word' id='word_1_501' title='bbox 1467 1983 1624 2012; x_wconf 85' lang='lat' dir='ltr'>retorquere</span> <span class='ocrx_word' id='word_1_502' title='bbox 1647 1980 1669 2003; x_wconf 88' lang='lat' dir='ltr'><em>C</em></span> <span class='ocrx_word' id='word_1_503' title='bbox 1686 1994 1692 1998; x_wconf 92' lang='lat'><em>-</em></span> <span class='ocrx_word' id='word_1_504' title='bbox 1714 1988 1808 2004; x_wconf 87' lang='lat' dir='ltr'>eorum</span> <span class='ocrx_word' id='word_1_505' title='bbox 1829 1981 1943 2013; x_wconf 84' lang='lat' dir='ltr'>plurimi</span> 
     </span>
     <span class='ocr_line' id='line_1_45' title="bbox 124 2022 1945 2057; baseline 0 -11"><span class='ocrx_word' id='word_1_506' title='bbox 124 2022 146 2046; x_wconf 89' lang='lat' dir='ltr'><em>C</em></span> <span class='ocrx_word' id='word_1_507' title='bbox 164 2023 197 2047; x_wconf 76' lang='lat' dir='ltr'>ed</span> <span class='ocrx_word' id='word_1_508' title='bbox 213 2023 248 2046; x_wconf 88' lang='lat' dir='ltr'><em>M</em></span> <span class='ocrx_word' id='word_1_509' title='bbox 264 2036 294 2040; x_wconf 89' lang='lat'><strong>—</strong></span> <span class='ocrx_word' id='word_1_510' title='bbox 318 2024 357 2048; x_wconf 85' lang='lat'>16.</span> <span class='ocrx_word' id='word_1_511' title='bbox 377 2024 443 2055; x_wconf 90' lang='lat' dir='ltr'>quia</span> <span class='ocrx_word' id='word_1_512' title='bbox 462 2026 608 2057; x_wconf 81' lang='lat' dir='ltr'>captorum</span> <span class='ocrx_word' id='word_1_513' title='bbox 632 2023 654 2048; x_wconf 86' lang='lat' dir='ltr'><em>C</em></span> <span class='ocrx_word' id='word_1_514' title='bbox 671 2026 705 2048; x_wconf 84' lang='lat' dir='ltr'>ed</span> <span class='ocrx_word' id='word_1_515' title='bbox 721 2025 758 2048; x_wconf 90' lang='lat' dir='ltr'><em>M</em></span> <span class='ocrx_word' id='word_1_516' title='bbox 773 2037 782 2042; x_wconf 97' lang='lat'>-</span> <span class='ocrx_word' id='word_1_517' title='bbox 804 2025 944 2056; x_wconf 84' lang='lat' dir='ltr'>captervis</span> <span class='ocrx_word' id='word_1_518' title='bbox 967 2024 990 2047; x_wconf 90' lang='lat' dir='ltr'><em>C</em></span> <span class='ocrx_word' id='word_1_519' title='bbox 1007 2037 1015 2042; x_wconf 88' lang='lat'>-</span> <span class='ocrx_word' id='word_1_520' title='bbox 1035 2025 1164 2056; x_wconf 83' lang='lat' dir='ltr'>agregari</span> <span class='ocrx_word' id='word_1_521' title='bbox 1181 2024 1204 2047; x_wconf 88' lang='lat' dir='ltr'><em>C</em></span> <span class='ocrx_word' id='word_1_522' title='bbox 1220 2037 1230 2042; x_wconf 92' lang='lat'>-</span> <span class='ocrx_word' id='word_1_523' title='bbox 1251 2025 1385 2056; x_wconf 81' lang='lat' dir='ltr'>nprobata</span> <span class='ocrx_word' id='word_1_524' title='bbox 1409 2023 1430 2046; x_wconf 84' lang='lat' dir='ltr'><em>C</em></span> <span class='ocrx_word' id='word_1_525' title='bbox 1449 2037 1479 2040; x_wconf 94' lang='lat'>—-</span> <span class='ocrx_word' id='word_1_526' title='bbox 1503 2029 1541 2053; x_wconf 81' lang='lat'>17.</span> <span class='ocrx_word' id='word_1_527' title='bbox 1561 2024 1690 2055; x_wconf 83' lang='lat' dir='ltr'>denigrat</span> <span class='ocrx_word' id='word_1_528' title='bbox 1711 2024 1734 2048; x_wconf 88' lang='lat' dir='ltr'><em>C</em></span> <span class='ocrx_word' id='word_1_529' title='bbox 1752 2036 1783 2040; x_wconf 97' lang='lat'><strong>—</strong></span> <span class='ocrx_word' id='word_1_530' title='bbox 1807 2023 1845 2047; x_wconf 84' lang='lat'>18.</span> <span class='ocrx_word' id='word_1_531' title='bbox 1866 2024 1945 2047; x_wconf 85' lang='lat' dir='ltr'>celle-</span> 
     </span>
     <span class='ocr_line' id='line_1_46' title="bbox 122 2065 1953 2099; baseline 0 -11"><span class='ocrx_word' id='word_1_532' title='bbox 122 2065 183 2089; x_wconf 83' lang='lat' dir='ltr'>brat</span> <span class='ocrx_word' id='word_1_533' title='bbox 205 2066 228 2089; x_wconf 92' lang='lat' dir='ltr'>C</span> <span class='ocrx_word' id='word_1_534' title='bbox 246 2078 254 2082; x_wconf 99' lang='lat'>-</span> <span class='ocrx_word' id='word_1_535' title='bbox 274 2067 391 2097; x_wconf 85' lang='lat' dir='ltr'>apetunt</span> <span class='ocrx_word' id='word_1_536' title='bbox 413 2066 436 2090; x_wconf 88' lang='lat' dir='ltr'><em>C</em></span> <span class='ocrx_word' id='word_1_537' title='bbox 453 2078 485 2083; x_wconf 91' lang='lat'>—-</span> <span class='ocrx_word' id='word_1_538' title='bbox 507 2073 546 2099; x_wconf 83' lang='lat'>19.</span> <span class='ocrx_word' id='word_1_539' title='bbox 565 2068 671 2097; x_wconf 83' lang='lat' dir='ltr'>quanta</span> <span class='ocrx_word' id='word_1_540' title='bbox 691 2068 713 2090; x_wconf 90' lang='lat' dir='ltr'><em>C</em></span> <span class='ocrx_word' id='word_1_541' title='bbox 731 2079 740 2084; x_wconf 95' lang='lat'><em>-</em></span> <span class='ocrx_word' id='word_1_542' title='bbox 760 2067 861 2091; x_wconf 83' lang='lat' dir='ltr'>milliti</span> <span class='ocrx_word' id='word_1_543' title='bbox 881 2067 905 2092; x_wconf 89' lang='lat' dir='ltr'><em>C</em></span> <span class='ocrx_word' id='word_1_544' title='bbox 920 2079 930 2084; x_wconf 97' lang='lat'>-</span> <span class='ocrx_word' id='word_1_545' title='bbox 951 2066 1088 2090; x_wconf 82' lang='lat' dir='ltr'>millitare</span> <span class='ocrx_word' id='word_1_546' title='bbox 1109 2068 1132 2090; x_wconf 93' lang='lat' dir='ltr'>C</span> <span class='ocrx_word' id='word_1_547' title='bbox 1149 2080 1156 2084; x_wconf 95' lang='lat'><em>-</em></span> <span class='ocrx_word' id='word_1_548' title='bbox 1176 2067 1281 2090; x_wconf 85' lang='lat' dir='ltr'>vessilo</span> <span class='ocrx_word' id='word_1_549' title='bbox 1309 2067 1331 2090; x_wconf 86' lang='lat' dir='ltr'><em>C</em></span> <span class='ocrx_word' id='word_1_550' title='bbox 1350 2079 1358 2083; x_wconf 92' lang='lat'><em>-</em></span> <span class='ocrx_word' id='word_1_551' title='bbox 1377 2066 1425 2089; x_wconf 79' lang='lat' dir='ltr'>vix</span> <span class='ocrx_word' id='word_1_552' title='bbox 1444 2074 1491 2089; x_wconf 87' lang='lat' dir='ltr'>om.</span> <span class='ocrx_word' id='word_1_553' title='bbox 1513 2067 1536 2091; x_wconf 88' lang='lat' dir='ltr'>C</span> <span class='ocrx_word' id='word_1_554' title='bbox 1554 2078 1563 2083; x_wconf 94' lang='lat'>-</span> <span class='ocrx_word' id='word_1_555' title='bbox 1586 2066 1676 2089; x_wconf 86' lang='lat' dir='ltr'>verbis</span> <span class='ocrx_word' id='word_1_556' title='bbox 1700 2065 1818 2097; x_wconf 83' lang='lat' dir='ltr'>exprimi</span> <span class='ocrx_word' id='word_1_557' title='bbox 1848 2066 1895 2088; x_wconf 88' lang='lat' dir='ltr'>vix</span> <span class='ocrx_word' id='word_1_558' title='bbox 1917 2066 1953 2089; x_wconf 85' lang='lat' dir='ltr'><em>M</em></span> 
     </span>
     <span class='ocr_line' id='line_1_47' title="bbox 122 2105 1950 2140; baseline -0.001 -10"><span class='ocrx_word' id='word_1_559' title='bbox 122 2121 152 2124; x_wconf 90' lang='lat'><strong>—</strong></span> <span class='ocrx_word' id='word_1_560' title='bbox 173 2113 214 2131; x_wconf 85' lang='lat'>20.</span> <span class='ocrx_word' id='word_1_561' title='bbox 236 2107 417 2135; x_wconf 82' lang='lat' dir='ltr'>rettinebitur</span> <span class='ocrx_word' id='word_1_562' title='bbox 438 2108 462 2133; x_wconf 87' lang='lat' dir='ltr'><em>C</em></span> <span class='ocrx_word' id='word_1_563' title='bbox 479 2121 510 2125; x_wconf 90' lang='lat'>-</span> <span class='ocrx_word' id='word_1_564' title='bbox 531 2115 573 2132; x_wconf 82' lang='lat'>21.</span> <span class='ocrx_word' id='word_1_565' title='bbox 592 2108 639 2132; x_wconf 87' lang='lat' dir='ltr'>sed</span> <span class='ocrx_word' id='word_1_566' title='bbox 661 2109 720 2132; x_wconf 56' lang='lat' dir='ltr'>zv!—</span> <span class='ocrx_word' id='word_1_567' title='bbox 740 2109 968 2140; x_wconf 82' lang='lat' dir='ltr'>praedicationes</span> <span class='ocrx_word' id='word_1_568' title='bbox 988 2110 1024 2132; x_wconf 84' lang='lat' dir='ltr'><em>M</em></span> <span class='ocrx_word' id='word_1_569' title='bbox 1041 2122 1071 2125; x_wconf 88' lang='lat'><strong>—</strong></span> <span class='ocrx_word' id='word_1_570' title='bbox 1094 2115 1134 2132; x_wconf 83' lang='lat'>22.</span> <span class='ocrx_word' id='word_1_571' title='bbox 1154 2107 1197 2139; x_wconf 85' lang='lat' dir='ltr'>ut]</span> <span class='ocrx_word' id='word_1_572' title='bbox 1216 2111 1243 2132; x_wconf 88' lang='lat' dir='ltr'>et</span> <span class='ocrx_word' id='word_1_573' title='bbox 1270 2108 1293 2129; x_wconf 89' lang='lat' dir='ltr'><em>V</em></span> <span class='ocrx_word' id='word_1_574' title='bbox 1308 2121 1339 2125; x_wconf 94' lang='lat'><em>—</em></span> <span class='ocrx_word' id='word_1_575' title='bbox 1361 2115 1401 2139; x_wconf 81' lang='lat'>23.</span> <span class='ocrx_word' id='word_1_576' title='bbox 1422 2108 1540 2131; x_wconf 78' lang='lat' dir='ltr'>millites</span> <span class='ocrx_word' id='word_1_577' title='bbox 1563 2106 1585 2129; x_wconf 87' lang='lat' dir='ltr'><em>C</em></span> <span class='ocrx_word' id='word_1_578' title='bbox 1601 2120 1612 2125; x_wconf 97' lang='lat'><em>-</em></span> <span class='ocrx_word' id='word_1_579' title='bbox 1631 2105 1675 2139; x_wconf 84' lang='lat' dir='ltr'>co]</span> <span class='ocrx_word' id='word_1_580' title='bbox 1696 2107 1748 2131; x_wconf 84' lang='lat' dir='ltr'>illo</span> <span class='ocrx_word' id='word_1_581' title='bbox 1774 2107 1800 2136; x_wconf 87' lang='lat' dir='ltr'>V,</span> <span class='ocrx_word' id='word_1_582' title='bbox 1823 2108 1845 2131; x_wconf 90' lang='lat' dir='ltr'>C</span> <span class='ocrx_word' id='word_1_583' title='bbox 1863 2108 1896 2130; x_wconf 79' lang='lat' dir='ltr'>ed</span> <span class='ocrx_word' id='word_1_584' title='bbox 1915 2108 1950 2130; x_wconf 69' lang='lat' dir='ltr'>,il</span> 
     </span>
     <span class='ocr_line' id='line_1_48' title="bbox 120 2149 1947 2182; baseline 0 -9"><span class='ocrx_word' id='word_1_585' title='bbox 120 2161 130 2166; x_wconf 99' lang='lat'>-</span> <span class='ocrx_word' id='word_1_586' title='bbox 150 2151 277 2181; x_wconf 80' lang='lat' dir='ltr'>captores</span> <span class='ocrx_word' id='word_1_587' title='bbox 298 2150 320 2174; x_wconf 89' lang='lat' dir='ltr'><em>C</em></span> <span class='ocrx_word' id='word_1_588' title='bbox 339 2162 370 2166; x_wconf 97' lang='lat'><strong>—</strong></span> <span class='ocrx_word' id='word_1_589' title='bbox 391 2156 432 2180; x_wconf 87' lang='lat'>24.</span> <span class='ocrx_word' id='word_1_590' title='bbox 451 2152 599 2181; x_wconf 78' lang='lat' dir='ltr'>expectare</span> <span class='ocrx_word' id='word_1_591' title='bbox 621 2152 643 2175; x_wconf 88' lang='lat' dir='ltr'><em>C</em></span> <span class='ocrx_word' id='word_1_592' title='bbox 661 2152 694 2174; x_wconf 77' lang='lat' dir='ltr'>ed</span> <span class='ocrx_word' id='word_1_593' title='bbox 711 2151 746 2175; x_wconf 87' lang='lat' dir='ltr'><em>M</em></span> <span class='ocrx_word' id='word_1_594' title='bbox 770 2164 777 2168; x_wconf 92' lang='lat'><em>-</em></span> <span class='ocrx_word' id='word_1_595' title='bbox 806 2151 919 2182; x_wconf 82' lang='lat' dir='ltr'>fugiunt</span> <span class='ocrx_word' id='word_1_596' title='bbox 943 2152 965 2175; x_wconf 90' lang='lat' dir='ltr'><em>C</em></span> <span class='ocrx_word' id='word_1_597' title='bbox 987 2152 1022 2175; x_wconf 84' lang='lat' dir='ltr'>ed</span> <span class='ocrx_word' id='word_1_598' title='bbox 1044 2153 1079 2176; x_wconf 92' lang='lat' dir='ltr'><em>M</em></span> <span class='ocrx_word' id='word_1_599' title='bbox 1101 2163 1112 2169; x_wconf 95' lang='lat'>-</span> <span class='ocrx_word' id='word_1_600' title='bbox 1138 2153 1271 2182; x_wconf 86' lang='lat' dir='ltr'>tanquam</span> <span class='ocrx_word' id='word_1_601' title='bbox 1303 2150 1328 2173; x_wconf 91' lang='lat' dir='ltr'><em>V</em></span> <span class='ocrx_word' id='word_1_602' title='bbox 1342 2163 1350 2168; x_wconf 90' lang='lat'>-</span> <span class='ocrx_word' id='word_1_603' title='bbox 1371 2150 1464 2173; x_wconf 90' lang='lat' dir='ltr'>millui</span> <span class='ocrx_word' id='word_1_604' title='bbox 1487 2150 1509 2172; x_wconf 87' lang='lat' dir='ltr'><em>C</em></span> <span class='ocrx_word' id='word_1_605' title='bbox 1528 2162 1559 2166; x_wconf 93' lang='grc'>--</span> <span class='ocrx_word' id='word_1_606' title='bbox 1580 2155 1621 2180; x_wconf 83' lang='lat'>25.</span> <span class='ocrx_word' id='word_1_607' title='bbox 1641 2150 1870 2182; x_wconf 85' lang='lat' dir='ltr'>praesumptione</span> <span class='ocrx_word' id='word_1_608' title='bbox 1889 2149 1925 2173; x_wconf 87' lang='lat' dir='ltr'><em>M</em></span> <span class='ocrx_word' id='word_1_609' title='bbox 1939 2162 1947 2166; x_wconf 97' lang='lat'><em>-</em></span> 
     </span>
     <span class='ocr_line' id='line_1_49' title="bbox 119 2192 771 2223; baseline 0.003 -8"><span class='ocrx_word' id='word_1_610' title='bbox 119 2192 249 2216; x_wconf 84' lang='lat' dir='ltr'>stulticia</span> <span class='ocrx_word' id='word_1_611' title='bbox 269 2192 293 2216; x_wconf 88' lang='lat' dir='ltr'><em>C</em></span> <span class='ocrx_word' id='word_1_612' title='bbox 309 2204 318 2209; x_wconf 91' lang='lat'>-</span> <span class='ocrx_word' id='word_1_613' title='bbox 339 2192 507 2223; x_wconf 82' lang='lat' dir='ltr'>praestolari</span> <span class='ocrx_word' id='word_1_614' title='bbox 527 2192 562 2216; x_wconf 80' lang='lat' dir='ltr'><em>M</em></span> <span class='ocrx_word' id='word_1_615' title='bbox 579 2206 588 2210; x_wconf 98' lang='lat'>-</span> <span class='ocrx_word' id='word_1_616' title='bbox 607 2193 721 2217; x_wconf 83' lang='lat' dir='ltr'>auderet</span> <span class='ocrx_word' id='word_1_617' title='bbox 747 2193 771 2216; x_wconf 90' lang='lat' dir='ltr'><em>V</em></span> 
     </span>
    </p>
   </div>
   <div class='ocr_carea' id='block_1_14' title="bbox 1670 418 2133 459">
    <p class='ocr_par' dir='ltr' id='par_1_14' title="bbox 1670 418 2133 459">
     <span class='ocr_line' id='line_1_50' title="bbox 1670 418 2133 459; baseline -0.028 -10"><span class='ocrx_word' id='word_1_618' title='bbox 1670 418 1820 450; x_wconf 77' lang='lat' dir='ltr'>Venistis</span> <span class='ocrx_word' id='word_1_619' title='bbox 1851 424 1943 459; x_wconf 63' lang='lat' dir='ltr'>post-</span> <span class='ocrx_word' id='word_1_620' title='bbox 2010 424 2061 440; x_wconf 60' lang='grc' dir='ltr'>Υκι...</span> <span class='ocrx_word' id='word_1_621' title='bbox 2104 430 2133 443; x_wconf 57' lang='grc' dir='ltr'>,Η</span> 
     </span>
    </p>
   </div>
   <div class='ocr_carea' id='block_1_15' title="bbox 2024 1275 2127 1299">
    <p class='ocr_par' dir='ltr' id='par_1_15' title="bbox 2024 1275 2127 1299">
     <span class='ocr_line' id='line_1_51' title="bbox 2024 1275 2127 1299; baseline 0.01 -7"><span class='ocrx_word' id='word_1_622' title='bbox 2024 1275 2049 1299; x_wconf 74' lang='lat' dir='ltr'>l&#39;,</span> <span class='ocrx_word' id='word_1_623' title='bbox 2067 1280 2127 1297; x_wconf 66' lang='grc' dir='ltr'>[Ην</span> 
     </span>
    </p>
   </div>
   <div class='ocr_carea' id='block_1_16' title="bbox 116 2274 1007 2982">
    <p class='ocr_par' dir='ltr' id='par_1_16' title="bbox 116 2274 1007 2854">
     <span class='ocr_line' id='line_1_52' title="bbox 207 2274 1005 2308; baseline 0.003 -9"><span class='ocrx_word' id='word_1_624' title='bbox 207 2275 212 2290; x_wconf 85' lang='lat'><em>¹</em></span> <span class='ocrx_word' id='word_1_625' title='bbox 232 2275 352 2300; x_wconf 90' lang='lat' dir='ltr'>L’unico</span> <span class='ocrx_word' id='word_1_626' title='bbox 371 2275 450 2308; x_wconf 82' lang='lat' dir='ltr'>figlio</span> <span class='ocrx_word' id='word_1_627' title='bbox 469 2274 483 2300; x_wconf 69' lang='lat' dir='ltr'>“e</span> <span class='ocrx_word' id='word_1_628' title='bbox 504 2275 714 2301; x_wconf 84' lang='lat' dir='ltr'>Cavalcaconte</span> <span class='ocrx_word' id='word_1_629' title='bbox 733 2277 767 2306; x_wconf 85' lang='lat' dir='ltr'>Il,</span> <span class='ocrx_word' id='word_1_630' title='bbox 788 2278 880 2302; x_wconf 83' lang='lat' dir='ltr'>allora</span> <span class='ocrx_word' id='word_1_631' title='bbox 895 2277 1005 2302; x_wconf 67' lang='lat' dir='ltr'>nell&#39;eta</span> 
     </span>
     <span class='ocr_line' id='line_1_53' title="bbox 116 2317 1004 2350; baseline 0.002 -9"><span class='ocrx_word' id='word_1_632' title='bbox 116 2318 146 2342; x_wconf 83' lang='lat' dir='ltr'>di</span> <span class='ocrx_word' id='word_1_633' title='bbox 165 2319 238 2342; x_wconf 86' lang='lat' dir='ltr'>circa</span> <span class='ocrx_word' id='word_1_634' title='bbox 257 2317 422 2346; x_wconf 77' lang='lat' dir='ltr'>trent’anni,</span> <span class='ocrx_word' id='word_1_635' title='bbox 442 2320 548 2343; x_wconf 86' lang='lat' dir='ltr'>mentre</span> <span class='ocrx_word' id='word_1_636' title='bbox 568 2319 588 2342; x_wconf 87' lang='lat' dir='ltr'>il</span> <span class='ocrx_word' id='word_1_637' title='bbox 609 2320 832 2350; x_wconf 80' lang='lat' dir='ltr'>secondogenito</span> <span class='ocrx_word' id='word_1_638' title='bbox 858 2319 1004 2349; x_wconf 80' lang='lat' dir='ltr'>Raineri0‚</span> 
     </span>
     <span class='ocr_line' id='line_1_54' title="bbox 117 2359 1004 2393; baseline 0.002 -10"><span class='ocrx_word' id='word_1_639' title='bbox 117 2361 185 2384; x_wconf 84' lang='lat' dir='ltr'>nato</span> <span class='ocrx_word' id='word_1_640' title='bbox 204 2361 336 2391; x_wconf 83' lang='lat' dir='ltr'>postumo</span> <span class='ocrx_word' id='word_1_641' title='bbox 356 2360 401 2384; x_wconf 90' lang='lat' dir='ltr'>nel</span> <span class='ocrx_word' id='word_1_642' title='bbox 423 2365 498 2392; x_wconf 72' lang='lat'>1145,</span> <span class='ocrx_word' id='word_1_643' title='bbox 517 2360 619 2384; x_wconf 87' lang='lat' dir='ltr'>risulta</span> <span class='ocrx_word' id='word_1_644' title='bbox 638 2361 756 2385; x_wconf 79' lang='lat' dir='ltr'>defunto</span> <span class='ocrx_word' id='word_1_645' title='bbox 776 2369 832 2385; x_wconf 91' lang='lat' dir='ltr'>non</span> <span class='ocrx_word' id='word_1_646' title='bbox 853 2359 903 2393; x_wconf 74' lang='lat' dir='ltr'>piii</span> <span class='ocrx_word' id='word_1_647' title='bbox 927 2361 1004 2385; x_wconf 84' lang='lat' dir='ltr'>tardi</span> 
     </span>
     <span class='ocr_line' id='line_1_55' title="bbox 117 2400 1003 2434; baseline 0.002 -9"><span class='ocrx_word' id='word_1_648' title='bbox 117 2401 162 2425; x_wconf 86' lang='lat' dir='ltr'>del</span> <span class='ocrx_word' id='word_1_649' title='bbox 184 2407 248 2433; x_wconf 81' lang='lat'>1¹53</span> <span class='ocrx_word' id='word_1_650' title='bbox 269 2400 316 2431; x_wconf 81' lang='lat' dir='ltr'>(cf.</span> <span class='ocrx_word' id='word_1_651' title='bbox 336 2408 362 2433; x_wconf 88' lang='lat' dir='ltr'>p.</span> <span class='ocrx_word' id='word_1_652' title='bbox 384 2401 424 2429; x_wconf 87' lang='lat'>28,</span> <span class='ocrx_word' id='word_1_653' title='bbox 445 2409 472 2426; x_wconf 88' lang='lat' dir='ltr'>n.</span> <span class='ocrx_word' id='word_1_654' title='bbox 495 2400 528 2433; x_wconf 67' lang='grc' dir='ltr'>ι).</span> <span class='ocrx_word' id='word_1_655' title='bbox 567 2400 778 2427; x_wconf 80' lang='lat' dir='ltr'>Cavalcaconte</span> <span class='ocrx_word' id='word_1_656' title='bbox 797 2403 823 2427; x_wconf 73' lang='lat' dir='ltr'>si</span> <span class='ocrx_word' id='word_1_657' title='bbox 842 2406 925 2427; x_wconf 86' lang='lat' dir='ltr'>trova</span> <span class='ocrx_word' id='word_1_658' title='bbox 946 2404 1003 2434; x_wconf 87' lang='lat' dir='ltr'>poi,</span> 
     </span>
     <span class='ocr_line' id='line_1_56' title="bbox 116 2443 1003 2476; baseline 0.002 -9"><span class='ocrx_word' id='word_1_659' title='bbox 116 2443 198 2475; x_wconf 88' lang='lat' dir='ltr'>quale</span> <span class='ocrx_word' id='word_1_660' title='bbox 217 2446 300 2467; x_wconf 86' lang='lat' dir='ltr'>conte</span> <span class='ocrx_word' id='word_1_661' title='bbox 319 2443 347 2467; x_wconf 88' lang='lat' dir='ltr'>di</span> <span class='ocrx_word' id='word_1_662' title='bbox 363 2443 527 2472; x_wconf 87' lang='lat' dir='ltr'>Bertinoro,</span> <span class='ocrx_word' id='word_1_663' title='bbox 543 2444 617 2468; x_wconf 87' lang='lat' dir='ltr'>nella</span> <span class='ocrx_word' id='word_1_664' title='bbox 631 2443 705 2476; x_wconf 85' lang='lat' dir='ltr'>Lega</span> <span class='ocrx_word' id='word_1_665' title='bbox 721 2445 879 2469; x_wconf 81' lang='lat' dir='ltr'>Lombarda</span> <span class='ocrx_word' id='word_1_666' title='bbox 893 2445 920 2469; x_wconf 86' lang='lat' dir='ltr'>al</span> <span class='ocrx_word' id='word_1_667' title='bbox 935 2447 1003 2469; x_wconf 86' lang='lat' dir='ltr'>tem-</span> 
     </span>
     <span class='ocr_line' id='line_1_57' title="bbox 117 2485 1003 2517; baseline 0.002 -8"><span class='ocrx_word' id='word_1_668' title='bbox 117 2493 154 2517; x_wconf 89' lang='lat' dir='ltr'>po</span> <span class='ocrx_word' id='word_1_669' title='bbox 167 2485 212 2510; x_wconf 88' lang='lat' dir='ltr'>del</span> <span class='ocrx_word' id='word_1_670' title='bbox 226 2485 292 2509; x_wconf 91' lang='lat' dir='ltr'>lodo</span> <span class='ocrx_word' id='word_1_671' title='bbox 307 2485 336 2509; x_wconf 90' lang='lat' dir='ltr'>di</span> <span class='ocrx_word' id='word_1_672' title='bbox 350 2485 527 2510; x_wconf 88' lang='lat' dir='ltr'>Montebello</span> <span class='ocrx_word' id='word_1_673' title='bbox 543 2486 589 2516; x_wconf 85' lang='lat' dir='ltr'>(cf.</span> <span class='ocrx_word' id='word_1_674' title='bbox 604 2487 704 2510; x_wconf 72' lang='lat' dir='ltr'>Petilio</span> <span class='ocrx_word' id='word_1_675' title='bbox 720 2487 862 2511; x_wconf 84' lang='lat' dir='ltr'>Rectorum</span> <span class='ocrx_word' id='word_1_676' title='bbox 876 2488 1003 2511; x_wconf 80' lang='lat' dir='ltr'>Lombar-</span> 
     </span>
     <span class='ocr_line' id='line_1_58' title="bbox 117 2527 1004 2559; baseline 0.001 -8"><span class='ocrx_word' id='word_1_677' title='bbox 117 2527 179 2552; x_wconf 73' lang='lat' dir='ltr'>diae</span> <span class='ocrx_word' id='word_1_678' title='bbox 199 2531 224 2551; x_wconf 83' lang='lat' dir='ltr'>et</span> <span class='ocrx_word' id='word_1_679' title='bbox 244 2528 384 2552; x_wconf 77' lang='lat' dir='ltr'>Marcbiae</span> <span class='ocrx_word' id='word_1_680' title='bbox 403 2531 480 2559; x_wconf 81' lang='lat' dir='ltr'>atque</span> <span class='ocrx_word' id='word_1_681' title='bbox 505 2528 631 2553; x_wconf 71' lang='lat' dir='ltr'>Veneciae</span> <span class='ocrx_word' id='word_1_682' title='bbox 650 2532 676 2552; x_wconf 81' lang='lat' dir='ltr'>et</span> <span class='ocrx_word' id='word_1_683' title='bbox 695 2529 843 2553; x_wconf 70' lang='lat' dir='ltr'>Romanius</span> <span class='ocrx_word' id='word_1_684' title='bbox 863 2538 879 2553; x_wconf 87' lang='lat' dir='ltr'>a</span> <span class='ocrx_word' id='word_1_685' title='bbox 893 2529 1004 2553; x_wconf 79' lang='lat' dir='ltr'>Domino</span> 
     </span>
     <span class='ocr_line' id='line_1_59' title="bbox 117 2570 1004 2602; baseline 0.002 -9"><span class='ocrx_word' id='word_1_686' title='bbox 117 2570 285 2600; x_wconf 77' lang='lat' dir='ltr'>Imperatore</span> <span class='ocrx_word' id='word_1_687' title='bbox 305 2571 366 2598; x_wconf 85' lang='lat' dir='ltr'>etc.‚</span> <span class='ocrx_word' id='word_1_688' title='bbox 385 2571 415 2593; x_wconf 84' lang='lat' dir='ltr'>in</span> <span class='ocrx_word' id='word_1_689' title='bbox 436 2570 609 2599; x_wconf 77' lang='lat' dir='ltr'>MURATORI,</span> <span class='ocrx_word' id='word_1_690' title='bbox 627 2571 691 2594; x_wconf 77' lang='lat' dir='ltr'>Ant.</span> <span class='ocrx_word' id='word_1_691' title='bbox 714 2571 788 2600; x_wconf 59' lang='lat' dir='ltr'>Bal„</span> <span class='ocrx_word' id='word_1_692' title='bbox 808 2570 854 2598; x_wconf 80' lang='lat' dir='ltr'>lv.</span> <span class='ocrx_word' id='word_1_693' title='bbox 875 2571 928 2595; x_wconf 89' lang='lat' dir='ltr'>col.</span> <span class='ocrx_word' id='word_1_694' title='bbox 942 2576 1004 2602; x_wconf 90' lang='lat'><strong>277-</strong></span> 
     </span>
     <span class='ocr_line' id='line_1_60' title="bbox 118 2609 1005 2642; baseline 0.002 -8"><span class='ocrx_word' id='word_1_695' title='bbox 118 2609 164 2639; x_wconf 77' lang='grc' dir='ltr'>8ος</span> <span class='ocrx_word' id='word_1_696' title='bbox 184 2611 214 2635; x_wconf 83' lang='lat' dir='ltr'>F.</span> <span class='ocrx_word' id='word_1_697' title='bbox 241 2610 431 2642; x_wconf 71' lang='lat' dir='ltr'>Gi&#39;rmssocx,</span> <span class='ocrx_word' id='word_1_698' title='bbox 459 2613 518 2636; x_wconf 85' lang='lat' dir='ltr'>Der</span> <span class='ocrx_word' id='word_1_699' title='bbox 543 2613 642 2636; x_wconf 81' lang='lat' dir='ltr'>Frr&#39;ede</span> <span class='ocrx_word' id='word_1_700' title='bbox 667 2620 718 2636; x_wconf 74' lang='lat' dir='ltr'>von</span> <span class='ocrx_word' id='word_1_701' title='bbox 746 2613 907 2637; x_wconf 80' lang='lat' dir='ltr'>Montebello</span> <span class='ocrx_word' id='word_1_702' title='bbox 931 2620 1005 2641; x_wconf 88' lang='lat' dir='ltr'>usw.‚</span> 
     </span>
     <span class='ocr_line' id='line_1_61' title="bbox 117 2653 1005 2687; baseline 0.002 -10"><span class='ocrx_word' id='word_1_703' title='bbox 117 2653 223 2682; x_wconf 86' lang='lat' dir='ltr'>Berlin,</span> <span class='ocrx_word' id='word_1_704' title='bbox 243 2654 337 2685; x_wconf 83' lang='lat' dir='ltr'>Meyer</span> <span class='ocrx_word' id='word_1_705' title='bbox 355 2654 412 2678; x_wconf 88' lang='lat' dir='ltr'>und</span> <span class='ocrx_word' id='word_1_706' title='bbox 431 2653 544 2684; x_wconf 75' lang='lat' dir='ltr'>Miisser,</span> <span class='ocrx_word' id='word_1_707' title='bbox 567 2653 645 2687; x_wconf 81' lang='lat'>1895)</span> <span class='ocrx_word' id='word_1_708' title='bbox 663 2662 677 2678; x_wconf 90' lang='lat' dir='ltr'>e</span> <span class='ocrx_word' id='word_1_709' title='bbox 703 2655 847 2687; x_wconf 86' lang='lat' dir='ltr'>partecipa</span> <span class='ocrx_word' id='word_1_710' title='bbox 873 2655 959 2679; x_wconf 85' lang='lat' dir='ltr'>infine</span> <span class='ocrx_word' id='word_1_711' title='bbox 978 2655 1005 2679; x_wconf 87' lang='lat' dir='ltr'>al</span> 
     </span>
     <span class='ocr_line' id='line_1_62' title="bbox 117 2696 1005 2728; baseline 0.001 -9"><span class='ocrx_word' id='word_1_712' title='bbox 117 2702 269 2727; x_wconf 82' lang='lat' dir='ltr'>congresso</span> <span class='ocrx_word' id='word_1_713' title='bbox 289 2696 319 2719; x_wconf 78' lang='lat' dir='ltr'>dl</span> <span class='ocrx_word' id='word_1_714' title='bbox 340 2696 462 2720; x_wconf 82' lang='lat' dir='ltr'>Venezia</span> <span class='ocrx_word' id='word_1_715' title='bbox 482 2697 526 2720; x_wconf 91' lang='lat' dir='ltr'>del</span> <span class='ocrx_word' id='word_1_716' title='bbox 548 2702 626 2728; x_wconf 86' lang='lat'>1177.</span> <span class='ocrx_word' id='word_1_717' title='bbox 647 2698 784 2720; x_wconf 89' lang='lat' dir='ltr'>morendo</span> <span class='ocrx_word' id='word_1_718' title='bbox 797 2698 876 2728; x_wconf 87' lang='lat' dir='ltr'>quivi</span> <span class='ocrx_word' id='word_1_719' title='bbox 892 2697 937 2720; x_wconf 86' lang='lat' dir='ltr'>nel</span> <span class='ocrx_word' id='word_1_720' title='bbox 951 2704 1005 2720; x_wconf 90' lang='lat' dir='ltr'>me-</span> 
     </span>
     <span class='ocr_line' id='line_1_63' title="bbox 117 2737 1006 2770; baseline 0.001 -9"><span class='ocrx_word' id='word_1_721' title='bbox 117 2737 226 2761; x_wconf 86' lang='lat' dir='ltr'>desimo</span> <span class='ocrx_word' id='word_1_722' title='bbox 245 2744 330 2766; x_wconf 83' lang='lat' dir='ltr'>anno,</span> <span class='ocrx_word' id='word_1_723' title='bbox 345 2738 420 2770; x_wconf 89' lang='lat' dir='ltr'>dopo</span> <span class='ocrx_word' id='word_1_724' title='bbox 435 2745 501 2762; x_wconf 84' lang='lat' dir='ltr'>aver</span> <span class='ocrx_word' id='word_1_725' title='bbox 515 2740 620 2762; x_wconf 87' lang='lat' dir='ltr'>testato</span> <span class='ocrx_word' id='word_1_726' title='bbox 636 2739 665 2762; x_wconf 88' lang='lat' dir='ltr'>in</span> <span class='ocrx_word' id='word_1_727' title='bbox 680 2739 777 2762; x_wconf 75' lang='lat' dir='ltr'>favore</span> <span class='ocrx_word' id='word_1_728' title='bbox 791 2739 821 2762; x_wconf 82' lang='lat' dir='ltr'>dl</span> <span class='ocrx_word' id='word_1_729' title='bbox 840 2746 912 2770; x_wconf 89' lang='lat' dir='ltr'>papa</span> <span class='ocrx_word' id='word_1_730' title='bbox 925 2739 1006 2763; x_wconf 84' lang='lat' dir='ltr'>Ales-</span> 
     </span>
     <span class='ocr_line' id='line_1_64' title="bbox 118 2778 1007 2811; baseline 0.002 -9"><span class='ocrx_word' id='word_1_731' title='bbox 118 2779 221 2803; x_wconf 87' lang='lat' dir='ltr'>sandro</span> <span class='ocrx_word' id='word_1_732' title='bbox 239 2778 279 2802; x_wconf 80' lang='grc' dir='ltr'>ΙΙΙ</span> <span class='ocrx_word' id='word_1_733' title='bbox 297 2786 311 2802; x_wconf 89' lang='lat' dir='ltr'>e</span> <span class='ocrx_word' id='word_1_734' title='bbox 330 2778 374 2803; x_wconf 86' lang='lat' dir='ltr'>dei</span> <span class='ocrx_word' id='word_1_735' title='bbox 396 2781 549 2805; x_wconf 84' lang='lat' dir='ltr'>successori</span> <span class='ocrx_word' id='word_1_736' title='bbox 570 2780 598 2804; x_wconf 86' lang='lat' dir='ltr'>di</span> <span class='ocrx_word' id='word_1_737' title='bbox 614 2781 656 2804; x_wconf 88' lang='lat' dir='ltr'>lui</span> <span class='ocrx_word' id='word_1_738' title='bbox 670 2779 719 2811; x_wconf 85' lang='lat' dir='ltr'>(ef.</span> <span class='ocrx_word' id='word_1_739' title='bbox 733 2780 902 2811; x_wconf 61' lang='lat' dir='ltr'>Amsnucm,</span> <span class='ocrx_word' id='word_1_740' title='bbox 923 2781 1007 2805; x_wconf 81' lang='lat' dir='ltr'>Guido</span> 
     </span>
     <span class='ocr_line' id='line_1_65' title="bbox 118 2821 557 2854; baseline 0.005 -10"><span class='ocrx_word' id='word_1_741' title='bbox 118 2821 164 2844; x_wconf 77' lang='lat' dir='ltr'>del</span> <span class='ocrx_word' id='word_1_742' title='bbox 181 2821 259 2845; x_wconf 72' lang='lat' dir='ltr'>Duces</span> <span class='ocrx_word' id='word_1_743' title='bbox 277 2828 341 2848; x_wconf 81' lang='lat' dir='ltr'>ecc..</span> <span class='ocrx_word' id='word_1_744' title='bbox 361 2821 419 2852; x_wconf 58' lang='lat' dir='ltr'>cit„</span> <span class='ocrx_word' id='word_1_745' title='bbox 438 2829 465 2854; x_wconf 88' lang='lat' dir='ltr'>p.</span> <span class='ocrx_word' id='word_1_746' title='bbox 485 2823 557 2854; x_wconf 82' lang='lat'>237).</span> 
     </span>
    </p>

    <p class='ocr_par' dir='ltr' id='par_1_17' title="bbox 117 2860 1007 2982">
     <span class='ocr_line' id='line_1_66' title="bbox 205 2860 1006 2896; baseline 0.002 -10"><span class='ocrx_word' id='word_1_747' title='bbox 205 2860 217 2877; x_wconf 80' lang='lat'><strong>²</strong></span> <span class='ocrx_word' id='word_1_748' title='bbox 236 2862 417 2894; x_wconf 76' lang='lat' dir='ltr'>L’aggettivo</span> <span class='ocrx_word' id='word_1_749' title='bbox 437 2863 602 2896; x_wconf 75' lang='lat' dir='ltr'>“magnifici</span> <span class='ocrx_word' id='word_1_750' title='bbox 615 2883 627 2895; x_wconf 58' lang='grc' dir='ltr'><em>η</em></span> <span class='ocrx_word' id='word_1_751' title='bbox 651 2871 707 2888; x_wconf 86' lang='lat' dir='ltr'>non</span> <span class='ocrx_word' id='word_1_752' title='bbox 728 2863 742 2888; x_wconf 75' lang='lat' dir='ltr'>e</span> <span class='ocrx_word' id='word_1_753' title='bbox 760 2864 860 2889; x_wconf 78' lang='lat' dir='ltr'>affatto</span> <span class='ocrx_word' id='word_1_754' title='bbox 875 2865 1006 2894; x_wconf 85' lang='lat' dir='ltr'>retorico,</span> 
     </span>
     <span class='ocr_line' id='line_1_67' title="bbox 119 2902 1007 2938; baseline 0.002 -10"><span class='ocrx_word' id='word_1_755' title='bbox 119 2902 219 2935; x_wconf 70' lang='lat' dir='ltr'>poiche</span> <span class='ocrx_word' id='word_1_756' title='bbox 238 2905 374 2936; x_wconf 80' lang='lat' dir='ltr'>Aldruda,</span> <span class='ocrx_word' id='word_1_757' title='bbox 395 2906 468 2930; x_wconf 87' lang='lat' dir='ltr'>bella</span> <span class='ocrx_word' id='word_1_758' title='bbox 487 2913 502 2929; x_wconf 87' lang='lat' dir='ltr'>e</span> <span class='ocrx_word' id='word_1_759' title='bbox 521 2909 629 2931; x_wconf 85' lang='lat' dir='ltr'>cortese</span> <span class='ocrx_word' id='word_1_760' title='bbox 654 2906 843 2938; x_wconf 84' lang='lat' dir='ltr'>gentildonna</span> <span class='ocrx_word' id='word_1_761' title='bbox 869 2907 956 2930; x_wconf 85' lang='lat' dir='ltr'>anche</span> <span class='ocrx_word' id='word_1_762' title='bbox 979 2914 1007 2930; x_wconf 86' lang='lat' dir='ltr'>se</span> 
     </span>
     <span class='ocr_line' id='line_1_68' title="bbox 117 2945 1006 2982; baseline 0.003 -12"><span class='ocrx_word' id='word_1_763' title='bbox 117 2953 175 2970; x_wconf 89' lang='lat' dir='ltr'>non</span> <span class='ocrx_word' id='word_1_764' title='bbox 194 2945 243 2978; x_wconf 80' lang='lat' dir='ltr'>piix</span> <span class='ocrx_word' id='word_1_765' title='bbox 255 2947 388 2978; x_wconf 81' lang='lat' dir='ltr'>giovane,</span> <span class='ocrx_word' id='word_1_766' title='bbox 402 2949 566 2980; x_wconf 83' lang='lat' dir='ltr'>accoglieva</span> <span class='ocrx_word' id='word_1_767' title='bbox 580 2956 595 2973; x_wconf 88' lang='lat' dir='ltr'>a</span> <span class='ocrx_word' id='word_1_768' title='bbox 615 2948 765 2972; x_wconf 87' lang='lat' dir='ltr'>Bertinoro</span> <span class='ocrx_word' id='word_1_769' title='bbox 779 2948 1006 2982; x_wconf 76' lang='lat' dir='ltr'>splendidamen-</span> 
     </span>
    </p>
   </div>
   <div class='ocr_carea' id='block_1_17' title="bbox 1057 2275 2005 2937">
    <p class='ocr_par' dir='ltr' id='par_1_18' title="bbox 1057 2275 1945 2436">
     <span class='ocr_line' id='line_1_69' title="bbox 1060 2275 1944 2309; baseline -0.003 -8"><span class='ocrx_word' id='word_1_770' title='bbox 1060 2279 1087 2301; x_wconf 85' lang='lat' dir='ltr'>te</span> <span class='ocrx_word' id='word_1_771' title='bbox 1106 2279 1214 2309; x_wconf 86' lang='lat' dir='ltr'>signori</span> <span class='ocrx_word' id='word_1_772' title='bbox 1235 2285 1249 2300; x_wconf 91' lang='lat' dir='ltr'>e</span> <span class='ocrx_word' id='word_1_773' title='bbox 1269 2278 1410 2301; x_wconf 85' lang='lat' dir='ltr'>trovatori</span> <span class='ocrx_word' id='word_1_774' title='bbox 1431 2276 1479 2307; x_wconf 82' lang='lat' dir='ltr'>(cf.</span> <span class='ocrx_word' id='word_1_775' title='bbox 1500 2275 1528 2299; x_wconf 76' lang='lat' dir='ltr'>F.</span> <span class='ocrx_word' id='word_1_776' title='bbox 1548 2275 1696 2306; x_wconf 73' lang='lat' dir='ltr'>TORRACA,</span> <span class='ocrx_word' id='word_1_777' title='bbox 1724 2277 1763 2299; x_wconf 76' lang='lat' dir='ltr'>Le</span> <span class='ocrx_word' id='word_1_778' title='bbox 1789 2277 1870 2299; x_wconf 81' lang='lat' dir='ltr'>donne</span> <span class='ocrx_word' id='word_1_779' title='bbox 1895 2276 1944 2299; x_wconf 84' lang='lat' dir='ltr'>ita-</span> 
     </span>
     <span class='ocr_line' id='line_1_70' title="bbox 1059 2318 1945 2350; baseline -0.003 -6"><span class='ocrx_word' id='word_1_780' title='bbox 1059 2321 1130 2344; x_wconf 79' lang='lat' dir='ltr'>lianc</span> <span class='ocrx_word' id='word_1_781' title='bbox 1144 2322 1216 2344; x_wconf 79' lang='lat' dir='ltr'>nella</span> <span class='ocrx_word' id='word_1_782' title='bbox 1225 2321 1318 2350; x_wconf 76' lang='lat' dir='ltr'>poesia</span> <span class='ocrx_word' id='word_1_783' title='bbox 1329 2321 1492 2349; x_wconf 69' lang='lat' dir='ltr'>provenzale</span> <span class='ocrx_word' id='word_1_784' title='bbox 1506 2326 1568 2347; x_wconf 70' lang='lat' dir='ltr'>ecc,</span> <span class='ocrx_word' id='word_1_785' title='bbox 1583 2318 1706 2347; x_wconf 79' lang='lat' dir='ltr'>Firenze,</span> <span class='ocrx_word' id='word_1_786' title='bbox 1716 2318 1846 2345; x_wconf 82' lang='lat' dir='ltr'>Sansoni,</span> <span class='ocrx_word' id='word_1_787' title='bbox 1864 2325 1926 2350; x_wconf 83' lang='lat'><strong>¹90¹</strong></span> <span class='ocrx_word' id='word_1_788' title='bbox 1940 2329 1945 2347; x_wconf 88' lang='lat'>;</span> 
     </span>
     <span class='ocr_line' id='line_1_71' title="bbox 1057 2360 1945 2386; baseline -0.002 -1"><span class='ocrx_word' id='word_1_789' title='bbox 1057 2362 1090 2386; x_wconf 88' lang='lat' dir='ltr'>G.</span> <span class='ocrx_word' id='word_1_790' title='bbox 1111 2363 1244 2386; x_wconf 69' lang='lat' dir='ltr'>BER-rom</span> <span class='ocrx_word' id='word_1_791' title='bbox 1264 2362 1309 2386; x_wconf 85' lang='lat' dir='ltr'>nel</span> <span class='ocrx_word' id='word_1_792' title='bbox 1329 2361 1449 2386; x_wconf 88' lang='lat' dir='ltr'>Giorn.</span> <span class='ocrx_word' id='word_1_793' title='bbox 1471 2363 1559 2385; x_wconf 79' lang='lat' dir='ltr'>stor.</span> <span class='ocrx_word' id='word_1_794' title='bbox 1579 2360 1678 2384; x_wconf 86' lang='lat' dir='ltr'>della</span> <span class='ocrx_word' id='word_1_795' title='bbox 1701 2360 1826 2384; x_wconf 83' lang='lat' dir='ltr'>letter.</span> <span class='ocrx_word' id='word_1_796' title='bbox 1855 2360 1945 2385; x_wconf 87' lang='lat' dir='ltr'>ital..</span> 
     </span>
     <span class='ocr_line' id='line_1_72' title="bbox 1057 2401 1461 2436; baseline -0.007 -7"><span class='ocrx_word' id='word_1_797' title='bbox 1057 2403 1203 2429; x_wconf 84' lang='lat' dir='ltr'>XXXVIII</span> <span class='ocrx_word' id='word_1_798' title='bbox 1223 2401 1324 2436; x_wconf 81' lang='lat'>{1901]‚</span> <span class='ocrx_word' id='word_1_799' title='bbox 1345 2411 1371 2435; x_wconf 83' lang='lat' dir='ltr'>p.</span> <span class='ocrx_word' id='word_1_800' title='bbox 1393 2403 1461 2434; x_wconf 85' lang='lat'>147).</span> 
     </span>
    </p>

    <p class='ocr_par' dir='ltr' id='par_1_19' title="bbox 1058 2444 2005 2603">
     <span class='ocr_line' id='line_1_73' title="bbox 1145 2444 2005 2477; baseline -0.005 -7"><span class='ocrx_word' id='word_1_801' title='bbox 1145 2444 1156 2461; x_wconf 86' lang='lat'><strong>³</strong></span> <span class='ocrx_word' id='word_1_802' title='bbox 1177 2446 1288 2477; x_wconf 88' lang='lat' dir='ltr'>Cinque</span> <span class='ocrx_word' id='word_1_803' title='bbox 1309 2446 1386 2469; x_wconf 80' lang='lat' dir='ltr'>volte</span> <span class='ocrx_word' id='word_1_804' title='bbox 1406 2446 1516 2468; x_wconf 88' lang='lat' dir='ltr'>ritorna</span> <span class='ocrx_word' id='word_1_805' title='bbox 1530 2445 1551 2468; x_wconf 90' lang='lat' dir='ltr'>il</span> <span class='ocrx_word' id='word_1_806' title='bbox 1567 2452 1656 2468; x_wconf 88' lang='lat' dir='ltr'>cenno</span> <span class='ocrx_word' id='word_1_807' title='bbox 1671 2444 1744 2468; x_wconf 82' lang='lat' dir='ltr'>delle</span> <span class='ocrx_word' id='word_1_808' title='bbox 1758 2447 1884 2467; x_wconf 89' lang='lat' dir='ltr'>sostanze</span> <span class='ocrx_word' id='word_1_809' title='bbox 1896 2445 1945 2467; x_wconf 81' lang='lat' dir='ltr'>im·</span> <span class='ocrx_word' id='word_1_810' title='bbox 1974 2449 2005 2474; x_wconf 79' lang='lat'>35</span> 
     </span>
     <span class='ocr_line' id='line_1_74' title="bbox 1058 2483 1946 2520; baseline -0.005 -8"><span class='ocrx_word' id='word_1_811' title='bbox 1058 2490 1178 2520; x_wconf 88' lang='lat' dir='ltr'>pegnate</span> <span class='ocrx_word' id='word_1_812' title='bbox 1198 2489 1231 2512; x_wconf 87' lang='lat' dir='ltr'>da</span> <span class='ocrx_word' id='word_1_813' title='bbox 1252 2487 1432 2519; x_wconf 88' lang='lat' dir='ltr'>Guglielmo:</span> <span class='ocrx_word' id='word_1_814' title='bbox 1451 2488 1508 2518; x_wconf 81' lang='lat' dir='ltr'>qui,</span> <span class='ocrx_word' id='word_1_815' title='bbox 1529 2486 1582 2510; x_wconf 91' lang='lat' dir='ltr'>due</span> <span class='ocrx_word' id='word_1_816' title='bbox 1597 2486 1672 2510; x_wconf 85' lang='lat' dir='ltr'>volte</span> <span class='ocrx_word' id='word_1_817' title='bbox 1687 2483 1737 2517; x_wconf 71' lang='lat' dir='ltr'>piir</span> <span class='ocrx_word' id='word_1_818' title='bbox 1750 2493 1832 2518; x_wconf 86' lang='lat' dir='ltr'>sopra</span> <span class='ocrx_word' id='word_1_819' title='bbox 1847 2485 1883 2517; x_wconf 81' lang='lat' dir='ltr'>(p.</span> <span class='ocrx_word' id='word_1_820' title='bbox 1905 2492 1946 2515; x_wconf 76' lang='lat'>29,</span> 
     </span>
     <span class='ocr_line' id='line_1_75' title="bbox 1059 2526 1946 2561; baseline -0.003 -9"><span class='ocrx_word' id='word_1_821' title='bbox 1059 2529 1088 2552; x_wconf 91' lang='lat' dir='ltr'>ll.</span> <span class='ocrx_word' id='word_1_822' title='bbox 1110 2536 1169 2560; x_wconf 87' lang='lat'>3-4;</span> <span class='ocrx_word' id='word_1_823' title='bbox 1190 2537 1216 2559; x_wconf 91' lang='lat' dir='ltr'>p.</span> <span class='ocrx_word' id='word_1_824' title='bbox 1236 2536 1279 2561; x_wconf 85' lang='lat'>31,</span> <span class='ocrx_word' id='word_1_825' title='bbox 1298 2529 1328 2552; x_wconf 91' lang='lat' dir='ltr'>ll.</span> <span class='ocrx_word' id='word_1_826' title='bbox 1349 2527 1405 2559; x_wconf 87' lang='lat'><strong>6-7)</strong></span> <span class='ocrx_word' id='word_1_827' title='bbox 1425 2536 1438 2551; x_wconf 91' lang='lat' dir='ltr'>e</span> <span class='ocrx_word' id='word_1_828' title='bbox 1458 2527 1511 2552; x_wconf 90' lang='lat' dir='ltr'>due</span> <span class='ocrx_word' id='word_1_829' title='bbox 1531 2527 1602 2551; x_wconf 79' lang='lat' dir='ltr'>altre</span> <span class='ocrx_word' id='word_1_830' title='bbox 1622 2527 1669 2558; x_wconf 75' lang='lat' dir='ltr'>piu</span> <span class='ocrx_word' id='word_1_831' title='bbox 1696 2528 1812 2551; x_wconf 84' lang='lat' dir='ltr'>innanzi</span> <span class='ocrx_word' id='word_1_832' title='bbox 1841 2526 1879 2557; x_wconf 88' lang='lat' dir='ltr'>(p.</span> <span class='ocrx_word' id='word_1_833' title='bbox 1905 2535 1946 2557; x_wconf 71' lang='lat'>44,</span> 
     </span>
     <span class='ocr_line' id='line_1_76' title="bbox 1059 2569 1414 2603; baseline -0.003 -9"><span class='ocrx_word' id='word_1_834' title='bbox 1059 2571 1089 2594; x_wconf 85' lang='lat' dir='ltr'>ll.</span> <span class='ocrx_word' id='word_1_835' title='bbox 1110 2577 1172 2602; x_wconf 75' lang='lat'><strong>2-3:</strong></span> <span class='ocrx_word' id='word_1_836' title='bbox 1191 2578 1218 2603; x_wconf 90' lang='lat' dir='ltr'>p.</span> <span class='ocrx_word' id='word_1_837' title='bbox 1238 2576 1279 2601; x_wconf 80' lang='lat'>47,</span> <span class='ocrx_word' id='word_1_838' title='bbox 1299 2571 1329 2594; x_wconf 89' lang='lat' dir='ltr'>ll.</span> <span class='ocrx_word' id='word_1_839' title='bbox 1353 2569 1414 2602; x_wconf 92' lang='lat'>1-2).</span> 
     </span>
    </p>

    <p class='ocr_par' dir='ltr' id='par_1_20' title="bbox 1059 2610 1945 2684">
     <span class='ocr_line' id='line_1_77' title="bbox 1148 2610 1945 2639; baseline -0.004 -3"><span class='ocrx_word' id='word_1_840' title='bbox 1148 2610 1158 2626; x_wconf 82' lang='lat'><strong>⁴</strong></span> <span class='ocrx_word' id='word_1_841' title='bbox 1178 2613 1200 2636; x_wconf 92' lang='lat'>11</span> <span class='ocrx_word' id='word_1_842' title='bbox 1221 2612 1363 2636; x_wconf 83' lang='lat' dir='ltr'>vocabolo</span> <span class='ocrx_word' id='word_1_843' title='bbox 1384 2619 1440 2636; x_wconf 90' lang='lat' dir='ltr'>non</span> <span class='ocrx_word' id='word_1_844' title='bbox 1461 2611 1474 2635; x_wconf 78' lang='grc' dir='ltr'>ὲ</span> <span class='ocrx_word' id='word_1_845' title='bbox 1494 2611 1621 2639; x_wconf 83' lang='lat' dir='ltr'>classico,</span> <span class='ocrx_word' id='word_1_846' title='bbox 1649 2618 1690 2634; x_wconf 87' lang='lat' dir='ltr'>ma</span> <span class='ocrx_word' id='word_1_847' title='bbox 1716 2610 1894 2634; x_wconf 80' lang='lat' dir='ltr'>chiarissimo</span> <span class='ocrx_word' id='word_1_848' title='bbox 1913 2610 1945 2633; x_wconf 85' lang='lat' dir='ltr'>ed</span> 
     </span>
     <span class='ocr_line' id='line_1_78' title="bbox 1059 2651 1678 2684; baseline -0.005 -7"><span class='ocrx_word' id='word_1_849' title='bbox 1059 2654 1168 2677; x_wconf 87' lang='lat' dir='ltr'>efficace</span> <span class='ocrx_word' id='word_1_850' title='bbox 1188 2654 1216 2677; x_wconf 89' lang='lat' dir='ltr'>in</span> <span class='ocrx_word' id='word_1_851' title='bbox 1237 2653 1424 2684; x_wconf 90' lang='lat' dir='ltr'>opposizione</span> <span class='ocrx_word' id='word_1_852' title='bbox 1444 2660 1458 2676; x_wconf 85' lang='lat' dir='ltr'>a</span> <span class='ocrx_word' id='word_1_853' title='bbox 1480 2652 1492 2664; x_wconf 79' lang='lat'>¹‘</span> <span class='ocrx_word' id='word_1_854' title='bbox 1505 2651 1642 2675; x_wconf 89' lang='lat' dir='ltr'>nobilium</span> <span class='ocrx_word' id='word_1_855' title='bbox 1656 2670 1678 2682; x_wconf 51' lang='grc' dir='ltr'>η.</span> 
     </span>
    </p>

    <p class='ocr_par' dir='ltr' id='par_1_21' title="bbox 1060 2691 1947 2854">
     <span class='ocr_line' id='line_1_79' title="bbox 1147 2691 1947 2726; baseline -0.005 -7"><span class='ocrx_word' id='word_1_856' title='bbox 1147 2694 1158 2710; x_wconf 86' lang='lat'>⁵</span> <span class='ocrx_word' id='word_1_857' title='bbox 1172 2695 1247 2719; x_wconf 87' lang='lat' dir='ltr'>Nota</span> <span class='ocrx_word' id='word_1_858' title='bbox 1261 2696 1448 2726; x_wconf 84' lang='lat' dir='ltr'>giustamente</span> <span class='ocrx_word' id='word_1_859' title='bbox 1463 2694 1482 2717; x_wconf 92' lang='lat' dir='ltr'>il</span> <span class='ocrx_word' id='word_1_860' title='bbox 1499 2693 1699 2725; x_wconf 86' lang='lat' dir='ltr'>Giangiacomi</span> <span class='ocrx_word' id='word_1_861' title='bbox 1714 2691 1766 2724; x_wconf 77' lang='lat' dir='ltr'>(op.</span> <span class='ocrx_word' id='word_1_862' title='bbox 1779 2694 1831 2721; x_wconf 61' lang='lat' dir='ltr'>cit„</span> <span class='ocrx_word' id='word_1_863' title='bbox 1847 2700 1872 2723; x_wconf 88' lang='lat' dir='ltr'>p.</span> <span class='ocrx_word' id='word_1_864' title='bbox 1885 2691 1947 2718; x_wconf 71' lang='lat'>288)</span> 
     </span>
     <span class='ocr_line' id='line_1_80' title="bbox 1060 2733 1946 2766; baseline -0.006 -5"><span class='ocrx_word' id='word_1_865' title='bbox 1060 2736 1223 2761; x_wconf 83' lang='lat' dir='ltr'>l‘arditezza</span> <span class='ocrx_word' id='word_1_866' title='bbox 1243 2736 1517 2764; x_wconf 77' lang='lat' dir='ltr'>dell&#39;affermazionc,</span> <span class='ocrx_word' id='word_1_867' title='bbox 1540 2735 1624 2758; x_wconf 77' lang='lat' dir='ltr'>“dati</span> <span class='ocrx_word' id='word_1_868' title='bbox 1647 2735 1656 2758; x_wconf 83' lang='lat' dir='ltr'>i</span> <span class='ocrx_word' id='word_1_869' title='bbox 1681 2735 1768 2766; x_wconf 84' lang='lat' dir='ltr'>tempi</span> <span class='ocrx_word' id='word_1_870' title='bbox 1796 2736 1840 2757; x_wconf 91' lang='lat' dir='ltr'>nei</span> <span class='ocrx_word' id='word_1_871' title='bbox 1867 2733 1946 2764; x_wconf 85' lang='lat' dir='ltr'>quali</span> 
     </span>
     <span class='ocr_line' id='line_1_81' title="bbox 1063 2777 1946 2812; baseline -0.006 -8"><span class='ocrx_word' id='word_1_872' title='bbox 1063 2780 1075 2793; x_wconf 82' lang='lat'>‘¹</span> <span class='ocrx_word' id='word_1_873' title='bbox 1088 2780 1117 2804; x_wconf 79' lang='lat' dir='ltr'>fu</span> <span class='ocrx_word' id='word_1_874' title='bbox 1137 2787 1262 2812; x_wconf 86' lang='lat' dir='ltr'>espressa</span> <span class='ocrx_word' id='word_1_875' title='bbox 1282 2788 1296 2803; x_wconf 89' lang='lat' dir='ltr'>e</span> <span class='ocrx_word' id='word_1_876' title='bbox 1315 2782 1416 2803; x_wconf 84' lang='lat' dir='ltr'>tenuto</span> <span class='ocrx_word' id='word_1_877' title='bbox 1436 2780 1522 2802; x_wconf 83' lang='lat' dir='ltr'>conto</span> <span class='ocrx_word' id='word_1_878' title='bbox 1542 2778 1592 2801; x_wconf 87' lang='lat' dir='ltr'>che</span> <span class='ocrx_word' id='word_1_879' title='bbox 1612 2777 1753 2808; x_wconf 82' lang='lat' dir='ltr'>frequenti</span> <span class='ocrx_word' id='word_1_880' title='bbox 1772 2784 1857 2800; x_wconf 77' lang='lat' dir='ltr'>erano</span> <span class='ocrx_word' id='word_1_881' title='bbox 1877 2778 1946 2799; x_wconf 81' lang='lat' dir='ltr'>ive-</span> 
     </span>
     <span class='ocr_line' id='line_1_82' title="bbox 1061 2821 1358 2854; baseline -0.003 -8"><span class='ocrx_word' id='word_1_882' title='bbox 1061 2821 1074 2834; x_wconf 85' lang='lat'>&#39;¹</span> <span class='ocrx_word' id='word_1_883' title='bbox 1087 2823 1166 2846; x_wconf 80' lang='lat' dir='ltr'>scovi</span> <span class='ocrx_word' id='word_1_884' title='bbox 1185 2823 1320 2854; x_wconf 86' lang='lat' dir='ltr'>guerrieri</span> <span class='ocrx_word' id='word_1_885' title='bbox 1334 2837 1358 2851; x_wconf 76' lang='lat'>„-</span> 
     </span>
    </p>

    <p class='ocr_par' dir='ltr' id='par_1_22' title="bbox 1061 2860 2005 2937">
     <span class='ocr_line' id='line_1_83' title="bbox 1148 2860 2005 2892; baseline -0.006 -5"><span class='ocrx_word' id='word_1_886' title='bbox 1148 2862 1158 2879; x_wconf 76' lang='lat'><strong>⁶</strong></span> <span class='ocrx_word' id='word_1_887' title='bbox 1177 2864 1351 2887; x_wconf 84' lang='lat' dir='ltr'>Alessandro</span> <span class='ocrx_word' id='word_1_888' title='bbox 1372 2863 1393 2886; x_wconf 90' lang='lat' dir='ltr'>il</span> <span class='ocrx_word' id='word_1_889' title='bbox 1413 2862 1535 2889; x_wconf 84' lang='lat' dir='ltr'>Grande,</span> <span class='ocrx_word' id='word_1_890' title='bbox 1555 2861 1698 2885; x_wconf 86' lang='lat' dir='ltr'>ricordato</span> <span class='ocrx_word' id='word_1_891' title='bbox 1718 2862 1764 2892; x_wconf 91' lang='lat' dir='ltr'>qui</span> <span class='ocrx_word' id='word_1_892' title='bbox 1787 2867 1834 2892; x_wconf 87' lang='lat' dir='ltr'>per</span> <span class='ocrx_word' id='word_1_893' title='bbox 1860 2860 1885 2883; x_wconf 83' lang='lat' dir='ltr'>la</span> <span class='ocrx_word' id='word_1_894' title='bbox 1905 2867 1945 2882; x_wconf 87' lang='lat' dir='ltr'>se-</span> <span class='ocrx_word' id='word_1_895' title='bbox 1974 2867 2005 2890; x_wconf 73' lang='lat'>43</span> 
     </span>
     <span class='ocr_line' id='line_1_84' title="bbox 1061 2904 1581 2937; baseline -0.008 -7"><span class='ocrx_word' id='word_1_896' title='bbox 1061 2907 1152 2930; x_wconf 81' lang='lat' dir='ltr'>conda</span> <span class='ocrx_word' id='word_1_897' title='bbox 1172 2906 1251 2930; x_wconf 85' lang='lat' dir='ltr'>volta</span> <span class='ocrx_word' id='word_1_898' title='bbox 1271 2906 1318 2936; x_wconf 78' lang='lat' dir='ltr'>(cf.</span> <span class='ocrx_word' id='word_1_899' title='bbox 1339 2913 1364 2937; x_wconf 89' lang='lat' dir='ltr'>p.</span> <span class='ocrx_word' id='word_1_900' title='bbox 1385 2904 1409 2935; x_wconf 83' lang='lat'>6,</span> <span class='ocrx_word' id='word_1_901' title='bbox 1430 2905 1459 2928; x_wconf 95' lang='lat' dir='ltr'>ll.</span> <span class='ocrx_word' id='word_1_902' title='bbox 1483 2905 1581 2935; x_wconf 82' lang='lat'>13·14)·</span> 
     </span>
    </p>
   </div>
   <div class='ocr_carea' id='block_1_18' title="bbox 1975 2657 2008 2679">
    <p class='ocr_par' dir='ltr' id='par_1_23' title="bbox 1975 2657 2008 2679">
     <span class='ocr_line' id='line_1_85' title="bbox 1975 2657 2008 2679; baseline 0 -5"><span class='ocrx_word' id='word_1_903' title='bbox 1975 2657 2008 2679; x_wconf 74' lang='lat'>⁴0</span> 
     </span>
    </p>
   </div>
  </div>
 </body>
</html>
