2287 3466
112 367 187 390 Mun„
203 368 242 390 925

124 689 149 714 Ρ,
164 694 223 712 177v

112 1358 133 1376 M
140 1363 184 1379 us..
201 1363 237 1380 927

249 1281 279 1297 10

250 1489 276 1514 15

247 1701 279 1718 20

247 1996 279 2020 25

247 2204 281 2228 30

248 2415 280 2440 35

250 2623 283 2647 40

250 2834 282 2859 45

1031 171 1418 208 BONCOMPAGNI

306 306 531 338 invidentium
556 304 682 336 nebula
706 314 775 335 non
799 303 925 346 poterit
948 303 1140 335 tenebrare.
1186 303 1361 335 Petivistis
1386 314 1404 334 a
1428 314 1481 334 me
1513 309 1549 334 ut
1580 302 1716 341 librum,
1747 314 1847 345 quern
1879 304 1922 336 de
1953 303 2134 336 obsidione

308 359 536 391 anchonitana
559 364 800 394 tractaveram,
824 357 1011 389 studiosius
1035 357 1243 400 corrigerem
1269 362 1304 388 et
1327 356 1423 397 vobis
1446 355 1674 388 amicabiliter
1703 356 1928 394 exhiberem,'
1958 362 1993 388 et
2024 356 2134 389 dedu-

305 422 418 444 cerem
442 412 477 443 in
502 421 659 449 comune,
683 411 762 452 quia
787 409 1006 453 singulariter
1029 409 1156 441 habere
1179 419 1249 440 non
1273 409 1402 450 cupitis
1425 409 1519 451 quod
1542 409 1586 440 ad
1609 408 1791 440 multorum
1815 409 1996 442 utilitatem
2013 409 2136 452 digno-

303 465 408 497 scitur
438 464 623 506 pertinere.
669 464 709 495 In
740 473 808 506 quo
838 463 941 494 michi
966 462 1070 505 digne
1095 462 1275 494 consulere
1306 462 1472 499 voluistis,
1503 461 1682 504 cupientes
1713 462 1806 505 quod
1835 463 1999 495 talentum
2031 462 2135 494 michi

305 517 473 549 creditum
497 527 566 549 non
590 516 813 553 abscondam;
834 521 869 548 et
885 515 1016 547 civitati
1033 515 1089 547 cui
1105 515 1250 556 preestis
1267 515 1407 547 honoris
1423 514 1580 557 perpetui
1597 525 1721 546 nomen
1737 515 1917 557 acquirere
1934 515 2135 557 peroptatis,

304 570 396 613 quod
420 580 482 611 per
507 575 653 601 vestram
676 569 876 601 industriam
902 574 1143 610 consequetur.
1189 569 1285 600 Ecce
1311 574 1470 609 presento
1494 574 1607 599 vestre
1631 567 1885 610 magnificentie
1909 568 2031 599 librum
2057 567 2136 599 dili-

303 623 451 666 gentiori
475 623 555 654 lima
579 628 793 658 correctum;
818 622 947 654 utinam
972 621 1168 663 improvida
1191 620 1414 653 scribentium
1437 620 1600 652 caterva·
1618 620 1749 662 scripta
1765 631 1833 652 non
1857 622 1967 653 variet
1990 631 2056 663 que
2074 631 2137 662 per

307 677 453 708 oratoris
486 676 660 708 artifitIum
692 681 770 707 sunt
800 674 1015 718 regulari'ter
1046 675 1218 712 ordinata,
1250 675 1339 716 quia,
1372 674 1455 705 licet
1485 673 1636 705 dicatur:
1668 673 1776 705 verba
1810 675 2016 716 transposita
2042 674 2134 706 idem

304 730 510 773 significant,
534 728 777 760 nichilominus
800 733 915 760 tamen
938 738 1044 769 parva
1068 727 1288 769 transpositio
1311 727 1420 758 variat
1442 726 1655 758 intellectum
1680 732 1715 758 et
1736 727 1931 769 regularem
1949 726 2136 759 dictionum

304 782 512 825 positionem
539 783 708 823 deturpat.
754 782 917 813 Ceterum
942 790 1010 823 que
1032 781 1068 812 in
1092 780 1158 812 fine
1183 780 1282 811 huius
1306 780 1421 822 operis
1444 779 1488 811 de
1510 786 1625 811 vestra
1648 785 1908 823 vestrorumque
1932 786 2067 822 patrum
2083 790 2135 811 sa-

395 901 414 918 1.
435 902 490 917 non
512 894 607 925 potuit
628 894 651 917 C
669 894 702 916 ed
719 894 756 916 M
770 905 805 910 —
824 899 847 916 2.
867 892 1051 916 Anconitana
1071 893 1112 921 M,
1133 900 1146 915 e
1165 892 1216 916 cos)
1236 895 1338 922 sempre
1359 892 1385 915 in
1406 893 1470 915 tutti
1483 892 1493 914 i
1505 892 1628 915 derivati
1640 892 1674 915 da
1695 892 1815 915 Ancona
1834 904 1844 909 -
1864 891 2021 915 studiosius
2040 899 2088 915 om.
2110 891 2134 916 C

305 937 338 960 ed
357 937 393 959 M
409 949 416 953 -
436 936 562 967 corigere
583 936 606 959 C
624 948 631 952 -
651 935 793 958 exiberem
814 934 835 958 C
852 947 885 951 -—
905 941 930 965 3.
950 941 1097 957 commune
1117 934 1153 957 M
1168 946 1175 951 -
1196 933 1230 957 ad
1250 942 1297 957 om.
1315 934 1382 957 P-
1396 941 1421 965 4.
1435 934 1551 965 dignum
1574 934 1607 957 M
1624 946 1634 951 -
1654 933 1740 956 michi
1760 942 1807 957 om.
1824 934 1846 958 C
1859 934 1893 956 ed
1904 934 1982 956 M—
2001 938 2025 964 5.
2038 939 2131 964 praee-

302 980 355 1002 stis
375 981 537 1011 perpetuum
558 985 660 1001 nomen
681 978 718 1000 M
732 990 743 995 -
762 977 881 1000 honoris
899 985 946 1000 om.
971 977 993 1000 C
1010 990 1041 993 —
1067 975 1091 999 6.
1112 978 1242 1007 presento
1262 977 1401 1007 sapientie
1415 977 1506 999 vestre
1521 976 1623 999 librum
1640 976 1677 1003 C;
1692 977 1840 1006 praesento
1855 976 2010 1007 sapientiae
2022 977 2132 999 vestrae

304 1022 407 1044 librum
428 1022 463 1045 M
479 1033 509 1037 —
528 1020 582 1050 6-7.
600 1019 786 1055 diligentiori
806 1019 881 1042 bona
900 1020 1057 1042 correctum
1072 1019 1098 1041 P
1110 1031 1140 1035 —
1157 1023 1179 1048 7.
1195 1018 1349 1051 inprovida
1370 1020 1392 1043 C
1410 1030 1418 1034 -
1439 1018 1550 1041 varient
1573 1019 1602 1041 M
1622 1031 1653 1033 —
1674 1017 1697 1041 8.
1717 1017 1866 1041 artificium
1883 1018 1936 1041 M—
1950 1018 2095 1041 ordinatta
2111 1018 2135 1042 C

306 1077 314 1081 -
335 1065 361 1087 et
381 1064 448 1086 licet
468 1063 559 1086 dicam
580 1063 603 1087 C
621 1062 654 1085 ed
673 1062 707 1085 M
722 1075 753 1079 —
773 1068 797 1092 9.
818 1061 1007 1085 nihilominus
1027 1061 1060 1083 M
1079 1073 1087 1077 -
1108 1062 1200 1083 tamen
1215 1068 1263 1084 om.
1286 1061 1309 1084 C
1326 1073 1333 1077 -
1355 1067 1441 1092 prava
1455 1061 1493 1083 M
1507 1073 1539 1077 —
1563 1066 1601 1083 10.
1622 1060 1698 1089 Dopo
1717 1059 1849 1092 deturpat
1867 1068 1948 1091 segue
1967 1060 1993 1083 in
2015 1060 2038 1083 C
2054 1060 2088 1083 ed
2101 1060 2136 1082 M

305 1105 348 1136 (do
368 1106 390 1129 il
409 1108 474 1128 testo
494 1105 524 1128 di
543 1105 571 1132 C,
591 1104 728 1127 inserendo
748 1108 791 1127 tra
807 1103 950 1133 parentesi
967 1104 992 1125 le
1013 1102 1138 1126 varianti
1160 1102 1191 1125 di
1214 1102 1269 1132 1⁷50:
1296 1102 1349 1125 Pro
1376 1102 1478 1126 vestris
1497 1102 1629 1125 laudibus
1655 1102 1764 1125 diutius
1789 1102 1966 1126 insisterem:
1991 1101 2038 1125 sed
2064 1101 2132 1131 scio,

304 1148 378 1178 quod
400 1148 546 1170 venativas
567 1146 745 1169 adulationes
760 1152 816 1168 non
831 1144 969 1176 dilligitis
989 1142 1141 1177 [diltgritish
1157 1151 1205 1167 nec
1219 1150 1350 1175 umquam
1366 1142 1498 1176 [uuquam]
1519 1144 1701 1167 descideratis
1720 1141 1910 1175 [desideratis],
1929 1143 2013 1167 velud
2034 1142 2132 1174 [velut]

306 1190 400 1221 plures
420 1189 540 1217 faciunt,
559 1188 737 1212 adulationis
757 1187 821 1210 oleo
842 1187 1027 1219 impinguari.
1064 1186 1116 1209 Sed
1137 1187 1247 1209 occurit
1266 1184 1404 1218 [occurrit]
1428 1193 1562 1217 generosa
1584 1186 1676 1209 laudis
1697 1187 1814 1209 materia
1835 1185 1992 1217 peroranti,
2010 1185 2132 1216 qualiter

306 1234 397 1255 vester
417 1239 486 1255 avus
507 1231 646 1254 Martinus
667 1229 769 1253 Gossia
791 1230 890 1253 fuisset
916 1229 1008 1252 dictus
1034 1226 1147 1260 [doctus]
1172 1229 1254 1259 copia
1281 1229 1381 1260 legum,
1406 1229 1486 1252 cuius
1512 1228 1633 1260 oppinio
1657 1226 1767 1260 [opinio]
1793 1230 1859 1258 erat,
1887 1228 2047 1251 libertatern
2074 1234 2132 1250 non

307 1281 388 1305 posse
408 1274 441 1297 ab
461 1273 559 1304 aliquo
579 1273 684 1296 exiberi
707 1270 863 1302 [ex1'n'beri];
884 1271 930 1294 sed
951 1271 1041 1302 detigi
1062 1269 1176 1302 [delegi]
1196 1277 1211 1293 a
1231 1270 1351 1301 quodam
1373 1270 1512 1294 velamine
1532 1271 1692 1294 servitutis:
1713 1270 1786 1293 unde
1806 1270 1975 1301 principalis
1995 1272 2132 1301 patronus

305 1316 447 1339 libertatis
467 1316 562 1346 potuit
583 1314 751 1346 nuncupari.
790 1313 824 1336 Et
845 1312 897 1343 [Et
913 1312 1080 1344 quamquam]
1101 1311 1188 1336 fillius
1213 1310 1313 1344 [filius]
1335 1313 1394 1336 eius
1418 1311 1603 1335 Guillielmus
1621 1310 1817 1344 [Gnillelmus]‚
1836 1319 1851 1335 a
1872 1319 1926 1343 quo
1947 1318 1995 1343 per
2016 1311 2132 1335 succesi-

302 1366 362 1382 vam
383 1355 580 1390 [successivam]
598 1357 691 1380 carnis
711 1356 896 1387 propaginem
914 1355 1047 1378 consistis
1069 1354 1245 1386 [consistitxsj,
1266 1357 1380 1386 propter
1400 1355 1492 1386 legum
1513 1355 1670 1383 scientiam,
1689 1356 1716 1377 et
1731 1355 1789 1378 alia
1802 1352 1985 1378 cu'rialitatis
2005 1354 2131 1384 insignia

306 1400 466 1423 clarisimus
485 1399 616 1422 existerit
636 1398 812 1429 [clarissimus
832 1396 972 1427 extiterit],
994 1398 1023 1420 in
1044 1403 1095 1420 vos
1108 1398 1200 1420 tamen
1216 1397 1362 1428 copiosius
1375 1396 1535 1420 confluxere
1555 1399 1653 1419 nature
1674 1394 1809 1427 [naturae]
1826 1395 1919 1419 doctis
1940 1395 2045 1426 [dalaq.
2064 1402 2131 1426 quo-

306 1443 381 1465 niam
404 1442 586 1472 imperatoria
607 1441 738 1464 maiestas
757 1447 805 1471 per
826 1439 1015 1462 ministerium
1036 1442 1158 1461 vestrum
1178 1442 1303 1462 armatur
1329 1439 1446 1470 legibus,
1467 1439 1606 1468 armisque
1631 1438 1789 1466 decoratur,
1814 1438 1888 1469 quod
1915 1445 1979 1461 raro
2000 1439 2028 1461 in
2049 1437 2131 1461 iuris-

308 1484 401 1515 perito
427 1484 553 1507 accidere
580 1480 728 1514 [accederes]
753 1483 911 1505 consuevit.
954 1481 988 1504 Et
1013 1482 1044 1504 ut
1070 1482 1108 1504 rei
1135 1482 1284 1504 veritatem
1310 1480 1423 1504 brevius
1449 1480 1693 1512 comprehendam,
1720 1480 1769 1503 hec
1796 1480 1862 1511 [hoc]
1890 1480 1972 1503 vobis
1998 1480 2132 1503 videntur

305 1524 463 1556 [videtur]*
483 1525 672 1557 proculdubio
693 1524 853 1551 convenire,
879 1523 1014 1546 videlicet
1034 1523 1123 1546 animi
1143 1523 1295 1555 sapientia,
1322 1530 1429 1546 morum
1454 1522 1595 1551 honestas,
1616 1522 1773 1545 liberalitas
1800 1523 1827 1545 in
1854 1522 1950 1545 usibus
1976 1521 2132 1545 cotidianis

305 1566 496 1600 [quotz'dt'an1‘s],
518 1567 609 1590 forma
629 1567 767 1598 corporis,
788 1565 929 1589 fortitudo
950 1565 1145 1593 membrorum,
1164 1566 1190 1588 et
1209 1565 1304 1596 gloria
1323 1564 1466 1588 militaris.
1502 1564 1547 1587 Ad
1567 1565 1620 1587 hoc
1640 1565 1720 1587 vollo
1742 1565 1816 1596 [haec
1835 1563 1906 1595 volo]
1932 1564 2081 1587 universos
2105 1564 2133 1587 et

305 1611 436 1641 singulos
455 1610 535 1639 scire,
554 1609 628 1640 quod
648 1615 706 1632 non
727 1615 778 1639 pro
797 1608 949 1638 temporali
968 1613 1090 1637 munere,
1110 1614 1157 1630 seu
1177 1607 1293 1630 levitate
1312 1606 1410 1634 animi,
1435 1607 1463 1630 et
1481 1604 1532 1638 [ut]
1553 1606 1614 1630 sola
1634 1606 1829 1638 magnitudine
1845 1606 1922 1635 facti,
1936 1606 1968 1629 de
1983 1605 2131 1629 obsidione

305 1653 429 1684 predicta
448 1651 614 1682 [praedicta]
635 1651 754 1674 scribere
774 1651 934 1682 procuravi.
971 1650 1022 1673 Sed
1043 1656 1129 1680 queso
1148 1648 1265 1680 [quaeso]
1280 1648 1393 1672 tandem
1407 1646 1543 1681 [tamdem]
1562 1649 1732 1672 timorosum
1752 1648 1942 1680 naufragium,
1963 1648 2038 1679 quod
2053 1654 2131 1671 occa-

307 1695 386 1718 sione
405 1695 488 1718 huius
501 1691 598 1726 [hujus]
619 1693 684 1716 libri
706 1693 852 1716 vobiscum
873 1694 954 1716 iuxta
973 1691 1150 1721 Senegaliam
1170 1690 1379 1723 [Senegalliam]
1400 1691 1440 1714 sui
1462 1698 1567 1723 passus,
1587 1691 1677 1714 media
1697 1697 1762 1722 pars
1782 1691 1872 1720 tituli,
1891 1692 1917 1713 et
1933 1698 1996 1722 pars
2009 1689 2131 1721 epistole

305 1736 456 1768 [epistolae]
484 1735 661 1768 integralIter
681 1735 790 1767 supleat
812 1733 955 1766 [suppleat]
981 1734 1129 1761 defectum,
1151 1740 1184 1757 ne
1203 1736 1280 1757 muta
1300 1733 1430 1757 videatur
1450 1733 1554 1765 pagina
1574 1740 1725 1756 remanere.
1761 1732 1811 1756 1111
1831 1735 1930 1760 autem,
1952 1732 1985 1756 ad
2013 1739 2129 1763 quorum

305 1786 404 1802 manus
422 1779 467 1802 hic
488 1779 559 1801 liber
579 1779 746 1810 pervenerit,
767 1776 894 1801 studiose
909 1777 1014 1807 scripta
1028 1776 1161 1807 religant,
1174 1776 1308 1807 quoniam
1323 1776 1418 1799 crebra
1433 1776 1518 1799 lectio
1533 1775 1637 1807 legenti
1653 1782 1763 1798 sensum
1778 1775 1944 1806 incorporat
1959 1774 2130 1798 medulatum

306 1818 500 1853 [medullatum]
520 1820 590 1851 (Cos)
606 1820 703 1852 flnt'sce
723 1820 744 1843 il
758 1820 875 1850 prologo
894 1820 920 1842 in
942 1818 964 1842 C
982 1819 1016 1842 ed
1036 1819 1080 1848 M)

399 1891 410 1903 ¹⁸
427 1891 442 1910 11
458 1890 575 1910 Gaudenzi
590 1890 659 1914 (Bull.
676 1890 721 1913 cit„
738 1896 759 1909 11.
778 1895 808 1913 ¹5.
823 1895 846 1913 p,
863 1890 898 1913 163
913 1889 947 1914 n.)
961 1894 1031 1907 aveva
1045 1888 1086 1908 hen
1102 1890 1259 1912 congemui-ato
1273 1887 1328 1907 haec
1339 1903 1343 1907 .
1355 1903 1359 1907 .
1372 1903 1389 1909 ..
1406 1888 1520 1914 videntur,
1536 1887 1608 1907 com'e
1624 1887 1697 1907 insani
1713 1887 1735 1906 in
1752 1887 1776 1907 C.

306 1995 385 2011 come
400 1988 429 2010 in
451 1988 473 2010 C
491 1987 523 2010 ed
544 1985 601 2015 AR:
622 1988 719 2017 questa
733 1984 853 2009 seconda
866 1984 952 2016 grafia
967 1984 1085 2008 attribui
1097 1982 1145 2016 gia
1158 1984 1192 2008 G.

308 2029 468 2058 FANTUZZt,
483 2029 588 2052 Notizie
602 2029 681 2060 degli
698 2028 820 2051 scrittori
837 2027 980 2058 bolognesi,
994 2027 1041 2056 IV,
1056 2027 1194 2057 Bologna,

307 2071 414 2103 Stamp.
434 2071 461 2094 di
482 2071 507 2094 S.
534 2071 688 2094 Tommaso
713 2070 784 2098 d'A.‚
812 2068 887 2100 1784.
914 2077 938 2100 p.
969 2076 1025 2101 191,
1046 2069 1079 2092 ad
1100 2076 1193 2092 errore

308 2113 352 2136 dei
373 2114 484 2144 copisti.
523 2112 649 2143 Ugolino
669 2112 766 2138 Gosia.
786 2111 866 2143 figlio
885 2111 915 2134 di
936 2110 1098 2142 Gugllelmo
1119 2118 1132 2134 e
1153 2111 1193 2133 ni—

308 2155 373 2186 pote
392 2155 419 2178 di
441 2154 575 2182 Martino,
597 2155 625 2178 fu
651 2152 769 2186 podesta
794 2153 821 2177 di
849 2154 971 2176 Ancona
998 2153 1042 2176 nel
1066 2159 1145 2176 1201:
1167 2152 1194 2175 la

307 2197 548 2220 determlnnzlone
568 2196 711 2219 dell’anno
731 2195 758 2219 di
773 2197 871 2226 questa
884 2195 1043 2226 podesteria
1063 2193 1076 2218 “e
1090 2195 1194 2225 impor-

307 2239 385 2262 tante
404 2247 452 2271 per
472 2239 564 2262 fissare
585 2238 610 2261 la
630 2238 696 2261 data
716 2237 743 2260 di
765 2238 979 2268 composizIOne
1000 2237 1045 2260 del
1061 2237 1143 2260 Liber
1162 2237 1193 2259 de

307 2282 358 2305 obs.
379 2281 444 2304 Aac.
465 2281 486 2304 11
507 2279 605 2304 Casini
626 2278 681 2312 (La
701 2282 805 2304 coltura
825 2280 965 2311 bolognese
978 2280 1022 2302 dei
1034 2280 1115 2303 secoli
1133 2278 1199 2302 Xll

309 2331 322 2346 e
343 2324 428 2351 XIII,
442 2323 471 2346 in
493 2322 675 2346 Glornale
696 2324 783 2346 stor.
803 2322 903 2345 della
923 2322 1053 2345 letter.
1073 2321 1169 2348 ital..
1183 2320 1195 2343 I

310 2364 411 2396 [18831,
432 2373 457 2396 p.
479 2371 518 2395 14,
540 2372 566 2388 n.
587 2366 613 2395 4)
633 2363 722 2395 opino
742 2371 790 2396 per
809 2371 867 2387 uno
887 2364 930 2387 dei
953 2364 1035 2395 primi
1058 2364 1126 2386 anni
1149 2362 1193 2385 del

309 2407 401 2430 secolo
422 2406 493 2435 xm,
514 2406 685 2430 ricordando
706 2414 782 2429 come
802 2406 822 2429 il
844 2405 933 2429 Gosia
953 2405 1026 2429 fosse
1041 2406 1191 2428 nominato

308 2449 337 2472 in
358 2450 433 2472 carte
452 2449 601 2479 bolognesi
621 2450 663 2471 sin
685 2448 730 2472 dal
755 2454 818 2478 1192
838 2449 870 2471 ed
896 2448 1059 2471 esercitasse
1079 2446 1194 2470 1’ufficio

309 2491 338 2514 di
365 2491 480 2522 giudice
506 2491 534 2513 in
565 2492 656 2521 patria
687 2490 731 2513 nel
756 2490 829 2520 1198.
868 2489 994 2521 Ugoiino
1025 2489 1053 2512 fu
1082 2489 1194 2512 dottore

310 2533 386 2556 nello
406 2532 502 2556 studio
516 2533 543 2556 di
558 2533 696 2563 Bologna,
711 2532 909 2555 continuando
923 2531 950 2555 la
965 2531 1124 2554 tradizione
1139 2530 1194 2553 del-

310 2575 384 2598 l'avo
398 2573 446 2606 (cf.
462 2582 487 2598 n.
507 2581 521 2605 3
543 2582 558 2597 a
578 2582 603 2605 p.
625 2575 668 2605 52)
682 2581 696 2597 e
709 2574 752 2597 del
770 2573 855 2605 padre
869 2574 916 2602 (cs.
931 2581 956 2596 n.
972 2582 985 2604 4
1001 2581 1014 2596 a
1029 2581 1074 2605 pp.
1090 2572 1194 2604 52·53);

309 2617 366 2648 egli
385 2615 399 2640 e
420 2616 567 2640 nominato
586 2616 674 2639 anche
695 2617 724 2639 in
745 2623 782 2638 un
798 2616 865 2639 lodo
880 2616 921 2639 del
936 2613 1052 2645 podest&
1066 2614 1195 2645 Ruggero

310 2658 337 2682 di
359 2657 505 2682 Sartirana
519 2658 563 2681 del
581 2657 646 2690 1198
661 2665 714 2681 con
729 2658 846 2680 Azzone
860 2657 893 2680 ed
907 2657 974 2680 altri
995 2656 1103 2680 dottori
1116 2656 1197 2679 bolo-

309 2700 388 2732 gnesi
408 2699 504 2731 (Arch.
525 2699 554 2723 di
573 2700 654 2723 Stato
668 2700 695 2723 di
712 2699 844 2729 Venezia,
858 2699 884 2723 S.
899 2699 1040 2728 Zaccaria,
1053 2699 1078 2724 b.
1092 2706 1133 2729 40,
1149 2700 1195 2722 cit.

310 2743 345 2765 da
364 2742 394 2766 E.
415 2743 517 2772 Busa-A,
539 2742 625 2770 Fonti,
646 2741 720 2765 nella
743 2742 835 2765 storia
855 2742 901 2765 del
918 2741 1012 2765 diritto
1032 2741 1154 2771 italiana,
1174 2741 1193 2771 1,

311 2793 337 2816 p.
360 2784 396 2813 2³,
418 2784 536 2812 Milano,
555 2785 666 2816 Hoepli,
690 2790 764 2816 1925,
784 2792 810 2815 p.
830 2783 888 2816 798,
910 2791 935 2807 n.
963 2784 1001 2813 2).
1037 2783 1079 2807 Cf.
1100 2784 1130 2806 in
1150 2791 1195 2814 ge-

310 2827 404 2850 nerale
424 2827 460 2852 M.
473 2826 571 2854 SAR'H,
585 2827 626 2850 De
639 2827 723 2850 claris
737 2826 949 2857 archigymnasii
960 2825 1122 2849 bononiensis
1130 2828 1194 2854 pro-

303 2869 454 2900 fessoribus
473 2870 533 2899 etc„
554 2869 711 2896 Bononiae,
733 2867 807 2898 1769,
826 2868 847 2897 Ι,
860 2875 886 2899 p.
904 2866 939 2896 ιδ,
960 2875 985 2899 p.
1004 2873 1050 2898 42:
1071 2865 1104 2890 G.
1119 2865 1194 2889 FAN-

311 2917 405 2940 Τυκῑι,
426 2911 532 2934 Nolizie
560 2912 639 2942 degli
666 2911 789 2934 scrittori
806 2910 950 2941 bolognesi,
979 2909 1027 2936 IV,
1057 2908 1193 2939 Bologna,

310 2952 467 2984 Stamperia
487 2954 514 2976 di
535 2952 561 2977 S.
575 2952 683 2977 Tomm.
698 2953 851 2984 d‘Aqulno,
868 2951 941 2982 1784,
956 2960 980 2983 p.
1000 2959 1062 2982 1933
1075 2950 1101 2975 S.
1117 2952 1192 2975 ΜΑΖ-

1247 1991 1342 2014 ΖΕΤΤΙ,
1362 1985 1523 2015 Repertorio
1543 1985 1572 2008 di
1590 1985 1654 2008 tutti
1673 1984 1683 2007 i
1694 1984 1849 2016 professori
1867 1987 1921 2007 ant.
1941 1992 1954 2007 e
1973 1983 2040 2009 mod.
2061 1984 2134 2007 della

1240 2028 1351 2059 famosa
1368 2026 1522 2051 Universita
1535 2045 1539 2049 .
1552 2045 1557 2050 .
1567 2045 1572 2050 .
1585 2045 1590 2049 .
1602 2026 1631 2049 di
1640 2027 1773 2057 Bologna,
1785 2025 1924 2057 Bologna,
1942 2024 2016 2056 1848,
2030 2032 2056 2057 p.
2073 2024 2135 2055 1583

1248 2070 1276 2094 F.
1299 2069 1330 2094 C.
1350 2069 1394 2093 DE’
1419 2068 1562 2096 Savmnv,
1587 2068 1678 2091 Scoria
1704 2068 1750 2091 del
1773 2068 1868 2091 diritto
1893 2075 1957 2091 rom.
1983 2068 2028 2091 nel
2051 2075 2083 2091 m.
2104 2075 2135 2095 e..

1248 2113 1339 2146 prima
1360 2119 1429 2135 verS.
1449 2110 1495 2135 dal
1515 2111 1578 2137 ted..
1598 2109 1717 2140 Torino,
1736 2109 1855 2133 Gianini
1874 2116 1888 2133 e
1902 2109 1993 2137 Fiore,
2012 2107 2085 2141 1854,
2099 2107 2135 2138 11,

1248 2162 1273 2187 p.
1295 2154 1341 2186 78:
1361 2154 1390 2177 P.
1411 2153 1630 2182 G1ANG1Acomx,
1649 2152 1757 2176 Ancona
1778 2161 1790 2175 e
1803 2152 1910 2176 I’ltalia
1924 2155 2014 2175 contro
2028 2151 2135 2175 Barba-

1247 2205 1330 2223 rossa.
1350 2196 1479 2224 Ancona,
1498 2196 1615 2227 Fogola,
1635 2202 1654 2218 S.
1674 2201 1706 2221 a..
1727 2202 1772 2225 pp.
1792 2199 1898 2225 333-59.

1336 2237 1343 2252 ¹
1367 2239 1495 2262 “utinam
1515 2237 1675 2268 improvida
1695 2237 1879 2260 scribentium
1900 2238 2012 2260 caterva
2025 2254 2037 2267 „
2063 2242 2132 2259 ecc.:

1247 2280 1504 2311 quest’avversione
1524 2286 1571 2309 per
1591 2278 1617 2301 la
1638 2280 1751 2301 caterva
1770 2277 1846 2309 degli
1865 2278 2027 2301 amanuensi
2043 2276 2091 2300 che
2111 2276 2135 2299 si

1248 2324 1425 2355 permettono
1445 2322 1472 2345 di
1495 2322 1601 2344 mutare
1621 2321 1743 2344 l’ordine
1762 2319 1834 2343 delle
1860 2319 1957 2352 parole
1983 2318 2134 2343 manifesta

1248 2365 1333 2388 Bonc.
1352 2364 1439 2388 anche
1461 2363 1534 2386 nella
1556 2363 1699 2387 Rhetorica
1719 2363 1835 2393 antiqua,
1862 2361 2025 2385 scrivendo:
2048 2360 2134 2392 “Ap-

1250 2408 1262 2420 “
1274 2414 1334 2438 pos
1344 2407 1350 2429 i
1360 2408 1386 2429 ti
1397 2414 1427 2432 o.
1448 2413 1500 2436 que
1514 2405 1618 2428 dicitur
1632 2411 1690 2428 esse
1704 2404 1859 2428 artificiosa
1874 2403 2032 2427 dictionum
2047 2404 2134 2426 struc-

1251 2449 1263 2462 “
1274 2451 1345 2477 tura,
1366 2449 1429 2472 ideo
1451 2455 1465 2471 a
1480 2448 1647 2479 quibusdam
1660 2454 1738 2470 curs
1748 2455 1763 2470 u
1773 2454 1784 2469 s
1806 2447 1921 2469 vocatur
1934 2464 1939 2469 .
1951 2464 1956 2469 .
1968 2464 1973 2469 .
1987 2461 1994 2469 .
2007 2444 2135 2476 Scripto-

1249 2491 1331 2514 “rum
1352 2491 1466 2522 agmina
1486 2490 1737 2520 dampnandorum,
1757 2488 1968 2512 sollicitudines
1982 2487 2134 2511 diuturnas

1251 2533 1300 2556 “et
1320 2532 1477 2556 laboriosas
1503 2531 1702 2555 meditationes
1727 2529 1942 2559 confundentes,
1970 2530 2083 2552 variant
2108 2529 2135 2552 et

1251 2574 1458 2606 “corrumpunt
1496 2573 1712 2597 artificiosarum
1750 2573 1911 2596 orationum
1946 2570 2075 2594 hedificia
2106 2572 2134 2594 et

1250 2617 1429 2640 “structuras
1444 2634 1455 2645 „
1477 2617 1529 2639 etc.
1548 2615 1608 2645 (cit.
1628 2614 1663 2638 da
1689 2614 1718 2637 P.
1742 2613 1853 2644 RAJNA,
1876 2613 1933 2636 Per
1951 2613 1974 2636 il
1994 2613 2132 2642 “cursus„

1250 2659 1397 2682 meaelievale
1417 2666 1429 2680 e
1454 2660 1503 2686 per
1528 2658 1627 2684 Dante,
1655 2656 1729 2687 negli
1756 2655 1868 2679 Studi
1895 2654 1929 2678 di
1958 2654 2135 2685 silologia

1249 2700 1407 2723 italiana
1423 2712 1430 2716 -
1444 2699 1541 2723 Bull.
1562 2698 1655 2722 della
1674 2697 1712 2722 R.
1732 2696 1799 2720 Acc
1811 2696 1866 2721 ad.
1881 2696 1974 2720 della
1988 2694 2134 2724 Crusca,

1249 2739 1441 2774 1111F1renze‚
1467 2741 1598 2769 Sansoni,
1627 2737 1714 2770 1932]‚
1740 2746 1765 2770 p.
1791 2746 1822 2769 45
1843 2745 1858 2762 e
1877 2736 1930 2769 84).
1968 2728 1988 2760 1²:
2015 2739 2101 2768 certo,
2120 2744 2134 2761 e

1250 2782 1292 2807 n'e
1312 2790 1400 2815 prova
1420 2783 1439 2806 il
1460 2790 1529 2814 gran
1551 2788 1666 2805 numero
1686 2781 1713 2804 di
1735 2780 1860 2804 varianti
1882 2781 1910 2803 in
1924 2781 1998 2803 tutte
2012 2780 2037 2802 le
2051 2785 2134 2811 opere

1249 2826 1276 2849 di
1297 2826 1394 2853 Bone..
1414 2825 1463 2848 che
1481 2825 1521 2855 gli
1542 2824 1706 2847 amanuensi
1729 2829 1786 2846 non
1812 2822 1928 2845 l'hanno
1955 2824 2059 2853 troppo
2079 2821 2133 2844 ben

1249 2869 1365 2896 servito,
1382 2865 1582 2898 giustificando
1602 2864 1662 2888 cosi
1683 2865 1704 2888 il
1725 2872 1776 2888 suo
1795 2864 1901 2895 sdegno
1921 2864 2097 2895 preventivo.

1334 2908 1392 2932 Che
1414 2910 1497 2932 Bone.
1517 2909 1564 2939 pol
1586 2906 1663 2930 desse
1682 2907 1860 2938 lmportanza
1875 2906 1980 2936 grande
1995 2905 2022 2929 al
2044 2905 2134 2928 “cur-

1251 2951 1320 2973 “sus
1330 2968 1353 2980 ‚„
1374 2958 1424 2983 pur
1444 2949 1633 2973 valendosene
1643 2956 1695 2972 con
1711 2948 1799 2972 molto
1813 2948 1981 2975 eclettismo‚
1995 2946 2020 2970 si
2039 2947 2134 2970 ricavs

2163 780 2201 810 10

2163 2028 2196 2053 50

2162 2441 2197 2467 60

2161 2867 2195 2893 70
