2287 3466
165 1370 217 1387 Μυκ

223 1375 286 1392 ..031

300 2141 330 2158 10

301 2349 328 2374 15

297 2603 330 2620 20

298 2815 327 2839 25

1081 170 1467 205 BONCOMPAGNI

448 304 518 336 Sed
542 304 633 335 iuxta
657 301 862 344 principium
885 301 1076 333 obsidionis
1100 301 1271 341 quendam
1297 307 1594 343 congregaverant
1609 303 1793 333 exercitum
1811 302 2056 341 Anchonitani‚
2080 315 2180 346 quem

361 357 585 389 cancellarius
608 355 641 385 in
667 354 850 395 campestri
875 353 965 385 bello
988 352 1125 391 devicit,
1150 354 1186 384 in
1210 363 1276 395 quo
1302 354 1394 394 capti
1411 354 1551 384 fuerunt
1566 354 1701 395 plurimi
1727 361 1761 385 et
1775 355 1961 394 interfecti,
1985 358 2077 389 unde
2096 357 2178 389 civi-

360 415 465 441 tatem
481 409 628 450 perdere
645 408 867 439 crediderunt
882 407 902 438 ¹.
928 405 1008 438 Post
1025 406 1273 438 ammissionem
1290 416 1371 438 vero
1390 406 1488 447 prelii
1503 406 1561 437 vix
1577 417 1638 447 per
1656 412 1735 438 octo
1753 407 1825 439 dies
1841 408 2033 440 habuerunt
2050 410 2180 442 victua-

360 463 407 494 lia
430 461 645 498 sufficienter,
669 466 703 492 et
726 466 856 492 tantum
880 460 1011 501 incepit
1035 469 1193 491 crescere
1210 460 1328 498 fames,
1352 459 1445 500 quod
1470 469 1530 500 pro
1554 470 1622 490 uno
1645 459 1791 491 bisantio
1805 460 1815 476 ²
1839 466 1968 493 tanturn
1991 463 2089 504 panis
2111 473 2180 494 non

359 520 495 557 poterat
517 513 677 552 inveniri,
702 513 793 555 quod
817 513 873 544 uni
897 512 1067 544 sufficeret
1089 513 1134 544 ad
1156 513 1338 544 edendum.
1384 512 1539 544 Dabatur
1562 512 1597 542 in
1620 512 1770 554 quinque
1794 514 1907 555 granis
1931 514 2087 546 fabarum
2120 516 2180 547 de-

360 567 475 598 narius
486 566 508 605 ⁸,
532 572 566 598 et
589 576 723 608 pugnus
747 566 849 596 farris
873 565 926 596 vei
951 565 1047 596 ordei
1072 575 1139 596 non
1163 570 1297 607 poterat
1321 576 1382 606 pro
1417 565 1599 597 duodecim
1630 565 1759 597 haberi.
1804 566 2084 608 Requirebantur
2115 578 2180 599 ova

361 627 398 652 ut
422 619 628 661 emplaustra
650 619 772 650 fierent
795 628 857 660 pro
882 618 1076 655 vulneratis,
1100 628 1210 660 neque
1234 623 1316 649 tunc
1340 618 1504 659 temporis
1527 623 1672 659 potuere
1696 618 1730 648 in
1755 624 1825 650 tota
1841 619 1979 651 civitate
1997 621 2178 652 duodecim

566 672 681 703 Primo
706 678 830 708 tamen,
854 678 890 703 ut
914 671 1053 708 dicitur,
1077 681 1200 702 novem
1224 672 1259 702 in
1283 681 1347 702 ovo
1371 681 1438 702 uno
1464 671 1597 702 denarii
1623 671 1801 709 dabantur,
1824 677 1857 703 et
1881 672 2003 714 viginti
2027 673 2114 704 soldi
2145 673 2179 704 in

357 726 492 758 modica
515 725 652 767 gallina.
699 724 943 755 Verumtamen
967 734 1006 755 eo
1030 730 1185 765 tempore
1210 724 1257 755 ita
1281 724 1484 755 defecerant
1507 724 1602 765 pulli,
1626 733 1747 755 carnes
1763 725 1904 765 porcine
1923 730 2024 767 atque
2043 724 2179 763 bovine,

360 779 453 821 quod
477 788 544 809 non
576 777 836 819 reperiebantur
867 777 956 807 infra
987 777 1162 808 civitatem
1194 777 1343 808 venales.
1389 777 1490 818 Cepit
1521 776 1624 818 igitur
1656 776 1700 808 ibi
1733 787 1806 808 esse
1837 778 2032 819 pestilentia
2063 778 2178 816 famis3

358 831 437 873 quia
459 837 540 862 tunc
565 831 705 872 proprie
730 829 855 861 dicitur
879 839 952 860 esse
976 830 1096 866 fames,
1122 839 1197 860 cum
1223 830 1368 860 offertur
1391 829 1546 871 pretium,
1578 839 1643 860 nec
1665 829 1811 860 inveniri
1835 836 1949 870 potest
1973 831 2029 872 qui
2054 831 2179 862 habeat

356 885 402 916 ad
426 884 655 916 vendendum.
702 882 874 914 Intellexit
897 882 962 914 hec
985 888 1097 913 autem
1121 882 1349 914 cancellarius
1373 893 1391 914 a
1415 882 1636 924 quibusdam:
1661 882 1764 919 unde,
1791 888 1982 915 convocato
2013 884 2179 921 exercitu,

358 937 504 978 prelium
528 936 662 974 indixit,
687 936 844 967 referens
867 935 960 977 quod
985 935 1078 966 cives
1101 935 1149 966 ita
1172 941 1269 966 erant
1292 945 1352 976 pre
1376 936 1468 966 same
1494 935 1597 966 nimia
1622 934 1797 973 exinaniti,
1821 936 1912 977 quod
1935 936 1991 967 vix
2021 943 2181 978 poterant

358 1001 452 1022 arma
476 990 625 1022 deferre.
672 988 770 1020 Iubet
795 998 878 1031 ergo
899 988 1027 1030 pulsari
1050 987 1159 1025 tubas,
1183 988 1278 1031 tangi
1302 988 1465 1029 timpana‚
1490 988 1597 1019 dividi
1621 988 1808 1019 exercitum
1833 999 1896 1029 per
1920 989 2028 1025 acies3
2060 990 2178 1032 sicque

358 1054 434 1075 cum
458 1042 614 1074 omnibus
636 1043 730 1073 iuxta
753 1041 866 1073 menia
891 1041 1038 1073 civitatis
1062 1042 1217 1078 accessit,
1241 1041 1378 1072 fortiter
1409 1041 1628 1072 clamitando.
1674 1041 1777 1072 Cives
1793 1047 1905 1072 autem
1922 1042 1987 1073 hec
2012 1042 2179 1080 videntes,

357 1096 497 1138 pulsatis
521 1095 709 1137 campanis,
739 1106 816 1126 cum
850 1095 997 1126 clamore
1028 1094 1177 1125 maximo
1201 1095 1373 1125 civitatem
1407 1095 1596 1131 exiverunt,
1628 1094 1836 1135 incipientes
1867 1104 1943 1125 cum
1974 1095 2023 1126 eis
2053 1096 2179 1127 acriter

354 1149 491 1186 bellari3
515 1155 549 1180 et
571 1149 653 1180 licet
676 1153 788 1179 essent
811 1147 965 1178 famelici
988 1153 1021 1178 et
1044 1147 1148 1178 multa
1170 1147 1286 1178 inedia
1310 1148 1476 1189 oppressi,
1500 1154 1566 1178 tam
1590 1147 1727 1178 fortiter
1742 1147 1941 1189 pugnabant
1958 1158 1998 1178 ac
2021 1149 2048 1179 si
2065 1154 2178 1180 essent

359 1203 443 1235 cibis
467 1201 718 1235 delicatissimis
742 1201 899 1233 recreati.
946 1201 984 1231 In
1015 1201 1125 1242 prelio
1156 1200 1324 1243 siquidem
1356 1201 1403 1232 ita
1434 1207 1532 1232 erant
1561 1200 1712 1231 universi
1742 1200 1911 1241 permixti,
1942 1201 2035 1242 quod
2066 1211 2101 1232 se
2132 1202 2177 1233 ad

355 1256 503 1286 invicem
528 1263 740 1296 cognoscere
765 1253 960 1295 nequibant,
983 1259 1017 1284 et
1041 1253 1099 1283 vix
1123 1258 1259 1294 poterat
1283 1263 1369 1284 unus
1398 1253 1500 1284 alium
1533 1253 1650 1284 videre
1681 1262 1742 1293 pre
1774 1252 1995 1284 multitudine
2025 1254 2177 1295 pulveris

356 1308 414 1350 qui
439 1318 553 1339 aerem
577 1306 763 1338 inficiebat.
808 1305 920 1338 Aures
944 1311 1055 1337 autem
1080 1306 1239 1343 omnium,
1265 1312 1405 1347 propter
1423 1306 1617 1349 clangorem
1634 1305 1802 1343 tubarum,
1819 1315 1983 1347 equorum
1999 1307 2176 1348 strepitum

357 1366 390 1392 et
413 1360 611 1392 bellantium
637 1370 750 1396 voces,
774 1360 821 1390 ita
838 1365 935 1390 erant
952 1359 1082 1396 obtuse,
1099 1358 1192 1401 quod
1210 1359 1320 1390 nullus
1337 1365 1471 1401 poterat
1489 1360 1638 1391 discrete
1655 1357 1862 1400 intelligere'
1879 1370 1945 1401 que
1962 1359 2176 1391 dicebantur.

354 1414 439 1446 Cum
464 1419 576 1445 autem
600 1412 648 1444 sic
671 1412 813 1454 prelium
840 1412 1000 1444 continue
1025 1412 1176 1449 duraret,
1200 1422 1279 1453 pars
1301 1412 1471 1444 exercitus
1495 1411 1695 1443 cancellarii
1719 1412 1864 1443 accessit
1887 1412 1932 1444 ad
1949 1412 2111 1451 Venetos,
2127 1412 2178 1444 in-

353 1467 522 1508 travitque
538 1476 615 1497 cum
631 1465 682 1497 eis
698 1465 828 1508 galeam
844 1465 935 1496 unde
952 1470 1031 1496 tunc
1050 1464 1176 1496 Veneti
1193 1465 1281 1496 adeo
1297 1465 1627 1508 appropinquarunt,
1643 1471 1678 1495 ut
1696 1464 1797 1495 etiam
1815 1463 1934 1496 domos
1950 1465 2175 1507 quorumdam

355 1519 480 1551 civium
505 1519 681 1550 intrarent.
727 1517 892 1550 Consules
915 1523 1028 1548 autern
1048 1517 1271 1548 anchonitani
1282 1517 1304 1555 ⁴,
1328 1518 1394 1549 hec
1424 1518 1615 1556 audientes,
1646 1517 1724 1548 illos
1755 1518 1989 1549 tantummodo
2020 1518 2175 1550 transmi-

355 1578 470 1604 serunt
492 1573 537 1604 ad
562 1582 665 1609 mare,
689 1571 748 1613 qui
771 1571 891 1602 domos
915 1571 1007 1602 iuxta
1030 1576 1165 1611 portum
1190 1571 1297 1613 magis
1321 1571 1494 1602 habebant
1524 1571 1745 1613 propinquas,
1799 1570 1931 1602 Eodem
1961 1571 2089 1613 quippe
2120 1571 2174 1603 die

354 1631 480 1657 tantam
505 1624 647 1657 contulit
671 1625 764 1655 Deus
787 1623 1039 1655 Anchonitanis
1063 1623 1246 1655 victoriam
1261 1626 1282 1660 ⁵,
1305 1624 1399 1666 quod
1423 1623 1484 1660 illi,
1508 1624 1565 1666 qui
1589 1624 1633 1655 ad
1657 1633 1750 1655 mare
1775 1624 1919 1661 iverunt,
1945 1624 2097 1656 Venetos
2120 1624 2174 1655 fu-

361 672 520 704 inveniri.

444 1763 466 1780 1.
485 1756 630 1787 quemdam
650 1757 687 1779 M
700 1768 709 1773 ·
730 1757 972 1787 congregaverunt
1000 1756 1022 1779 V
1037 1769 1067 1772 —
1092 1762 1140 1779 1-2.
1161 1762 1231 1787 quos
1251 1755 1435 1779 cancellarius
1455 1756 1570 1779 imbello
1589 1754 1629 1787 [in
1649 1756 1723 1779 bello
1743 1752 1788 1787 M]
1805 1756 1953 1787 campestri
1980 1755 2002 1780 C
2026 1756 2059 1778 ed
2082 1756 2119 1778 M
2140 1767 2171 1772 —

356 1805 379 1823 2.
400 1799 583 1822 cancellarius
603 1799 630 1821 P
645 1811 653 1815 -
673 1798 748 1821 fuere
771 1798 838 1822 Ced
856 1798 891 1820 M
908 1811 937 1814 -
959 1805 984 1828 3.
1003 1798 1169 1821 amisionem
1192 1799 1225 1825 C;
1246 1799 1426 1821 amissionem
1455 1798 1478 1821 1⁷
1492 1799 1525 1821 ed
1543 1798 1577 1820 li!
1594 1811 1602 1814 -
1624 1798 1724 1830 proelii
1745 1799 1800 1821 Μ-
1814 1804 1862 1828 per
1875 1800 1967 1820 certos
1981 1797 2040 1820 dies
2053 1797 2172 1820 habuere

357 1841 425 1864 ced
438 1841 472 1864 M
494 1852 520 1857 —
539 1848 564 1870 4.
583 1839 743 1863 sufficienter
764 1840 786 1863 C
803 1851 814 1856 -
833 1839 960 1871 incoepit
975 1840 1011 1862 M
1025 1853 1033 1856 -
1052 1839 1206 1862 binzanzlo
1226 1839 1262 1866 P;
1283 1839 1422 1862 bissantio
1438 1840 1472 1868 Cg
1493 1839 1624 1870 bysantio
1645 1840 1681 1862 Ji!
1695 1852 1703 1856 -
1724 1840 1806 1871 panis
1825 1847 1872 1862 om.
1895 1839 1916 1862 C
1934 1839 1968 1862 ed
1979 1839 2055 1861 lil—
2072 1844 2095 1869 5.
2109 1839 2170 1862 sufi-

354 1884 429 1905 ceret
450 1883 472 1905 C
489 1895 500 1899 -
520 1889 570 1913 pro
590 1888 608 1904 v
627 1882 723 1912 granis
744 1882 767 1904 C
784 1882 817 1904 ed
835 1882 870 1904 111
886 1894 918 1898 -
938 1880 962 1906 6,
983 1881 1051 1905 farri
1080 1881 1126 1905 V-
1144 1881 1241 1904 hordei
1263 1882 1298 1904 Μ
1315 1894 1322 1898 -
1343 1889 1393 1912 pro
1413 1887 1456 1905 x11
1477 1881 1569 1904 haberi
1594 1882 1616 1905 C
1634 1882 1667 1904 ed
1684 1882 1721 1904 M
1735 1894 1743 1898 -
1762 1881 1864 1904 habere
1884 1881 1934 1904 Pe
1956 1881 2017 1904 V—
2034 1886 2056 1910 7.
2070 1881 2171 1912 empla—

357 1926 413 1947 stra
433 1925 469 1947 M
485 1937 492 1941 -
514 1931 563 1947 nec
584 1924 618 1946 M
635 1936 643 1940 -
664 1925 815 1955 potuerunt
834 1923 869 1946 M
884 1936 914 1939 —-
936 1928 990 1954 7-9.
1010 1924 1127 1947 civitate
1145 1929 1190 1947 ΧΠ
1212 1924 1346 1952 invenIri‚
1365 1925 1392 1947 et
1412 1930 1451 1947 xx
1470 1922 1544 1946 solui
1565 1923 1664 1952 lsolidi
1684 1922 1729 1954 M}
1747 1923 1777 1945 in
1797 1920 1860 1955 [pro
1881 1921 1924 1952 M]
1946 1922 2055 1946 modica
2075 1923 2172 1953 galina

355 1966 476 1997 [gallina
497 1965 540 1996 M]
561 1966 649 1996 (senza
669 1966 691 1988 il
704 1969 784 1994 passo
804 1965 899 1989 Primo
919 1967 1011 1989 tamen
1103 1966 1254 1992 dabantur)
1276 1966 1298 1989 C
1316 1966 1349 1988 ed
1366 1966 1401 1988 M
1417 1978 1448 1983 —
1468 1972 1492 1996 9.
1514 1968 1721 1996 verumptamen
1745 1966 1767 1988 C
1784 1977 1791 1981 —
1812 1964 1885 1996 pulli
1904 1966 1931 1987 et
1951 1971 2046 1988 carnes
2061 1965 2129 1988 Ced
2140 1965 2177 1988 Μ

354 2021 365 2026 -
386 2009 519 2039 porcinae
539 2010 621 2038 atque
639 2008 761 2031 bovinae
783 2008 816 2030 11!
833 2021 863 2024 —
888 2014 926 2031 ιο.
948 2009 1021 2031 intra
1042 2009 1075 2030 ill
1092 2021 1101 2025 -
1122 2007 1226 2039 Coepit
1247 2008 1281 2030 M
1296 2021 1304 2024 -
1325 2008 1364 2031 ibi
1384 2015 1431 2030 mn.
1452 2008 1475 2031 C
1492 2008 1526 2030 ed
1544 2008 1579 2030 111
1594 2021 1626 2024 ——
1650 2014 1735 2030 10-11.
1754 2014 1823 2038 quae
1849 2009 1913 2030 tunc
1941 2007 1977 2030 M
1997 2020 2028 2023 —
2058 2013 2095 2030 11.
2122 2014 2170 2029 nec

356 2051 468 2073 invetur
487 2050 514 2073 P
530 2062 540 2067 -
559 2050 678 2073 habebat
698 2051 721 2074 C
739 2063 747 2066 -
768 2057 827 2072 cum
849 2049 977 2072 offerenti
997 2050 1135 2080 praetium
1157 2056 1205 2072 nec
1226 2050 1348 2072 inveniri
1370 2050 1464 2080 potest
1483 2049 1556 2079 quod
1577 2049 1711 2072 habeatur
1724 2049 1758 2071 ad
1772 2048 1937 2071 vescendum
1953 2049 2029 2071 11]-
2048 2048 2171 2072 12.1nte-

356 2093 425 2115 lexit
447 2093 469 2115 C
485 2104 494 2109 -
512 2092 577 2115 haec
599 2093 632 2115 M
650 2104 681 2109 —
704 2098 741 2122 13.
764 2092 901 2122 proelium
924 2092 958 2114 Μ
974 2104 982 2108 -
1003 2092 1117 2115 induxit
1141 2091 1166 2114 V
1180 2100 1193 2114 e
1215 2092 1237 2115 C
1255 2104 1262 2108 -
1283 2098 1334 2122 pro
1363 2091 1386 2114 1'
1399 2099 1411 2114 ε
1437 2092 1471 2118 (ἲς
1494 2098 1558 2121 prae
1572 2091 1624 2113 ΛΙ-
1641 2091 1759 2114 nimium
1774 2090 1927 2113 exanimati
1945 2091 2011 2113 Ced
2023 2091 2078 2113 M·
2093 2090 2136 2113 vis
2151 2090 2175 2114 C

358 2147 389 2150 —
414 2141 450 2165 14.
471 2134 546 2157 tubis
568 2134 590 2157 C
608 2134 641 2156 ed
658 2134 695 2156 M
710 2146 718 2150 -
739 2135 871 2164 tympana
892 2134 927 2156 iil
943 2146 951 2150 -
973 2134 1059 2156 arcies
1082 2134 1104 2157 C
1122 2146 1152 2149 ——
1177 2139 1215 2163 15.
1234 2134 1313 2165 juxta
1334 2133 1443 2156 moenia
1464 2133 1503 2160 M,
1524 2141 1536 2156 c
1556 2133 1606 2156 cosi
1627 2138 1730 2162 sempre
1748 2144 1759 2150 -
1778 2132 1831 2155 hoc
1858 2133 1882 2157 C
1905 2133 1937 2155 ed
1962 2133 1998 2155 M
2020 2145 2051 2149 —
2080 2131 2119 2156 16.
2143 2133 2171 2155 et

355 2183 416 2199 cum
436 2176 463 2198 P
480 2184 492 2198 e
517 2175 542 2198 V
556 2188 587 2193 —
610 2181 649 2205 17.
670 2175 784 2198 sortiter
803 2175 919 2207 preliari
940 2174 1084 2206 [proeliari
1106 2175 1149 2206 Ml
1172 2176 1194 2199 C
1210 2176 1244 2198 ed
1262 2176 1297 2197 iil
1313 2187 1320 2191 -
1341 2175 1449 2205 opressi
1470 2175 1492 2198 C
1513 2187 1544 2191 —
1568 2174 1606 2198 18.
1626 2174 1825 2197 delicatisimis
1845 2175 1868 2199 C
1887 2187 1894 2191 -
1915 2174 2025 2205 proelio
2051 2174 2086 2197 M
2101 2186 2110 2190 -
2131 2175 2171 2197 ita

355 2227 402 2241 om.
424 2219 446 2241 C
464 2231 473 2235 -
494 2225 577 2249 perm.
597 2219 677 2240 erant
696 2218 774 2242 univ.
795 2218 840 2247 M3
861 2218 985 2248 permisti
1013 2217 1037 2239 V
1052 2231 1082 2234 —
1104 2224 1144 2248 19.
1165 2217 1335 2248 nequiebant
1359 2216 1387 2244 V,
1409 2217 1431 2240 C
1448 2217 1482 2239 ed
1500 2217 1535 2239 A!
1550 2229 1560 2234 -
1580 2218 1709 2247 poterant
1732 2217 1753 2240 C
1772 2229 1779 2233 -
1800 2223 1865 2247 prae
1884 2216 1920 2239 M
1934 2229 1965 2233 —
1988 2222 2027 2238 20.
2047 2222 2098 2246 que
2123 2215 2148 2237 V
2162 2228 2170 2232 -

357 2260 527 2283 inficiciebat
551 2259 576 2282 V
591 2273 598 2276 -
620 2259 767 2283 clamorem
789 2261 811 2283 C
829 2260 862 2282 cd
880 2260 915 2282 ΑΙ
932 2273 961 2276 -
983 2265 1024 2283 21.
1043 2260 1155 2282 obtusse
1180 2259 1212 2284 V:
1233 2259 1348 2282 obtusae
1369 2260 1451 2282 M-
1472 2265 1513 2282 22.
1533 2259 1671 2290 proelium
1694 2259 1745 2281 ill·
1759 2257 1909 2281 cancellari
1935 2258 1968 2283 V:
1982 2258 2129 2281 cancelerii
2151 2257 2174 2281 C

356 2316 387 2318 —
409 2307 497 2332 22-23.
518 2302 667 2331 intranque
688 2303 722 2329 ὃς
743 2302 853 2324 intrans
874 2302 907 2324 ΕΙ]
926 2314 956 2318 ·-
978 2308 1017 2331 23-
1038 2300 1137 2324 Veneti
1158 2301 1304 2323 civitatem
1325 2300 1394 2324 adeo
1416 2301 1438 2324 C
1455 2302 1489 2323 ed
1507 2301 1542 2323 M
1557 2313 1567 2318 -
1588 2301 1685 2323 domos
1703 2302 1786 2323 etiam
1811 2299 1833 2322 C
1850 2301 1883 2323 ed
1901 2300 1933 2322 M
1952 2313 1982 2316 —
1999 2306 2038 2330 24.
2053 2300 2117 2322 haec
2132 2299 2171 2327 M,

359 2353 371 2367 e
390 2343 440 2367 cosi
460 2347 562 2373 sempre
582 2356 589 2360 -
611 2343 676 2366 illos
696 2352 742 2367 om.
760 2344 782 2367 C
799 2344 832 2366 ed
849 2344 885 2366 iil
901 2357 931 2359 —
954 2350 1041 2374 24-25.
1063 2344 1210 2366 tantumm.
1229 2349 1277 2365 eos
1296 2344 1512 2366 transmiserunt
1532 2343 1568 2365 Al
1584 2356 1615 2359 -—-
1635 2348 1675 2373 25.
1696 2343 1869 2374 propinquas
1888 2342 2028 2365 habebant
2048 2343 2071 2366 C
2088 2342 2122 2364 ed
2139 2342 2175 2364 M

356 2398 387 2402 —-
410 2385 450 2409 26.
470 2386 544 2408 Deus
564 2385 689 2408 contulit
712 2385 733 2407 C
750 2386 784 2408 ed
801 2386 837 2408 M

444 2470 451 2487 ¹
473 2471 576 2499 Questa
597 2473 686 2504 prima
706 2472 853 2503 battagiia,
874 2473 904 2496 di
919 2474 961 2496 cui
977 2473 1095 2496 l'autore
1110 2473 1131 2495 si
1147 2472 1241 2503 sbriga

356 2522 407 2538 con
429 2515 516 2546 poche
536 2515 639 2545 parole,
659 2515 714 2538 ela
727 2516 894 2543 successiva,
908 2514 1044 2538 deseritta
1059 2512 1106 2545 piii
1121 2515 1242 2546 partico-

356 2556 605 2587 lareggiatamente
619 2563 666 2587 per
681 2557 707 2579 la
726 2564 774 2579 sua
790 2558 934 2587 maggiore
949 2558 1138 2588 importanza,
1155 2556 1241 2578 fanno

356 2599 553 2630 comprendere
571 2598 629 2628 che,
656 2599 765 2622 almeno
791 2599 825 2622 da
852 2599 1005 2629 principio,
1031 2598 1161 2621 l'assedio
1183 2605 1239 2621 non

357 2640 466 2663 doveva
485 2647 571 2663 essere
590 2641 783 2667 strettissimo,
804 2648 831 2664 se
850 2641 889 2671 gli
913 2641 1088 2663 Anconitani
1103 2642 1240 2671 poterono

357 2684 446 2706 uscire
465 2689 480 2705 a
500 2683 669 2706 combattere
690 2683 764 2706 fuori
786 2682 857 2706 delle
878 2690 954 2705 mura
975 2683 1003 2705 in
1023 2690 1119 2713 campo
1134 2684 1240 2712 aperto.

444 2723 454 2739 ²
473 2723 521 2747 Sul
541 2724 651 2748 bisante
666 2732 681 2747 ο
697 2725 824 2748 bisanzio
838 2731 851 2747 e
866 2724 907 2747 sul
923 2732 971 2747 suo
987 2725 1083 2747 valore
1097 2724 1132 2747 cf,
1148 2723 1238 2747 Ginn-

357 2771 492 2792 Gmcomx.
513 2769 551 2795 op.
574 2766 627 2794 cit„
641 2772 667 2796 p.
689 2770 747 2795 225,
768 2773 792 2788 n.
817 2772 838 2789 1.
875 2765 928 2788 Era
950 2772 1002 2788 una
1028 2766 1139 2787 moneta
1160 2765 1237 2787 d'oro

357 2807 400 2830 del
422 2814 488 2839 peso
511 2807 541 2830 di
568 2815 609 2838 gr.
630 2806 763 2838 2,So-3,So
784 2807 824 2837 (E.
850 2807 1034 2833 Man-rumai.
1062 2808 1102 2830 La
1129 2812 1238 2835 moneta,

357 2848 456 2879 Roma,
474 2849 520 2873 Ist.
536 2849 598 2873 Ital.
619 2849 647 2872 di
667 2849 812 2876 Numism..
835 2856 909 2880 1915,
929 2857 956 2880 p.
976 2849 1030 2880 35).

445 2890 454 2905 3
474 2891 497 2914 Il
518 2891 630 2920 denaro,
659 2892 770 2914 almeno
801 2892 843 2914 nel
864 2899 916 2914 secr
936 2891 1010 2920 XIV,
1033 2898 1077 2914 vra
1097 2898 1132 2914 uu
1157 2890 1238 2913 dodi-

357 2935 459 2958 cesimo
480 2934 523 2957 del
544 2934 634 2964 soldo,
654 2942 668 2957 e
689 2941 744 2958 non
765 2934 861 2966 eguale
880 2935 904 2958 al
927 2934 1019 2962 soldo,
1046 2942 1122 2957 some
1148 2934 1238 2957 intese

1295 2475 1506 2496 erroneamente
1528 2473 1547 2495 il
1569 2473 1728 2501 BERNABEI,
1748 2471 1820 2495 ediz,
1841 2472 1897 2498 cit..
1911 2478 1936 2502 p.
1951 2477 1983 2502 39
1997 2469 2043 2502 (cf.
2058 2471 2084 2494 la
2106 2472 2173 2494 nota

1295 2515 1414 2538 relativa
1435 2515 1476 2537 del
1499 2513 1656 2541 Ciavarini,
1677 2522 1689 2537 e
1710 2512 1930 2541 GJANGIACOML
1950 2516 1988 2542 (ψ.
2003 2513 2058 2541 cit„
2072 2520 2098 2543 p.
2113 2511 2172 2542 226,

1295 2565 1321 2580 n.
1345 2564 1354 2580 1
1376 2564 1389 2579 e
1409 2556 1444 2587 3).
1482 2557 1502 2579 E
1523 2555 1590 2588 pero
1611 2557 1637 2579 la
1657 2556 1842 2588 proporzione
1867 2557 1909 2578 tra
1929 2555 1949 2577 il
1971 2562 2065 2585 prezzo
2085 2554 2114 2577 di
2135 2562 2170 2578 un

1295 2606 1369 2621 uovo
1389 2599 1473 2629 (nove
1487 2598 1598 2624 denari)
1613 2606 1626 2621 e
1639 2598 1733 2629 quello
1748 2597 1775 2620 di
1791 2604 1846 2620 una
1858 2596 1967 2628 gallina
1983 2597 2070 2625 (venti
2086 2596 2172 2626 soldi)

1293 2639 1307 2664 'c
1327 2641 1428 2672 press'a
1450 2648 1520 2671 poco
1536 2641 1562 2664 la
1576 2642 1662 2664 ste-ssa
1676 2640 1771 2671 d'oggi
1785 2638 2015 2670 (GuNGmcom,
2034 2638 2125 2662 Storia
2146 2638 2175 2661 di

1295 2683 1400 2705 Ancona
1420 2689 1473 2705 ecc,
1489 2684 1547 2710 cit.‚
1568 2690 1592 2712 p.
1612 2688 1672 2712 340,
1693 2680 1780 2711 nota).

1381 2723 1389 2738 ⁴¹
1410 2724 1526 2748 Ancona
1543 2730 1630 2747 aveva
1643 2723 1735 2746 allora
1749 2722 1847 2745 infatti
1869 2729 1996 2752 governo
2016 2721 2172 2750 consolare,

1294 2765 1392 2797 poiche
1412 2766 1432 2789 il
1454 2767 1544 2797 primo
1566 2764 1679 2796 podesta
1700 2771 1802 2796 appare
1821 2764 1883 2788 solo
1903 2764 1947 2787 nel
1972 2770 2037 2794 1199
2054 2763 2100 2793 (cf.
2116 2771 2142 2787 n.
2157 2769 2169 2786 2

1293 2816 1306 2831 a
1328 2815 1353 2840 p.
1375 2808 1426 2837 5²)-

1380 2848 1390 2863 5
1410 2849 1508 2872 Simile
1522 2849 1709 2872 intonazioue
1724 2848 1799 2871 nella
1815 2848 1923 2871 Rhetor.
1938 2847 2033 2870 noviss.
2046 2846 2100 2876 (ed.
2114 2848 2171 2876 cit„

1292 2899 1316 2922 p.
1332 2890 1406 2920 26S):
1422 2891 1433 2902 “
1447 2891 1585 2921 Magistro
1599 2891 1818 2921 Boncompagno
1833 2890 1946 2913 multam
1960 2889 2080 2912 contulii
2096 2889 2170 2912 Deus

1294 2933 1437 2963 “gratiam
1457 2934 1483 2956 et
1504 2933 1638 2955 honorem
1651 2949 1671 2962 „.

2208 779 2244 809 10

2207 1042 2243 1073 15

2200 1308 2242 1338 20

2199 1573 2216 1602 Β.)

2222 1572 2238 1602 (Λ

2200 2518 2233 2543 30

2198 2727 2230 2754 35

2198 2936 2231 2960 40
