2287 3466
167 884 191 906 P.
209 889 247 906 110
254 889 266 902 r

147 984 220 1007 Mun..
235 990 274 1009 9³³

302 1583 315 1608 5

287 1795 317 1812 10

290 2050 317 2075 15

288 2262 320 2279 20

288 2468 318 2494 ²5

287 2681 321 2705 30

288 2887 318 2913 35

1051 161 1435 196 BONCOMPAGNI
1987 167 2037 202 [A.
2061 169 2152 202 11⁷3]

429 295 442 311 ‘⁴
458 293 609 330 Quidam
632 298 786 329 venator,
810 302 878 324 non
909 302 985 323 cum
1010 291 1128 332 paucis
1159 291 1312 328 canibus,
1341 292 1482 323 intravit
1512 292 1693 322 maximam
1716 292 1846 330 silvam,
1877 293 1912 324 in
1935 304 2002 335 qua
2024 293 2153 334 reperit

343 348 357 363 ‘⁴
371 347 512 384 leenam,
537 357 601 387 que
626 344 794 376 dominari
810 344 963 386 plurimis
980 343 1183 375 animalibus
1200 343 1392 383 videbatur.
1438 344 1539 375 Hanc
1555 355 1622 376 non
1640 344 1776 376 modico
1792 350 1944 387 tempore
1960 347 2154 387 insequens,

341 399 355 414 ‘⁶
370 409 473 430 canes
489 398 612 429 multos
628 397 781 435 ammisit,
799 403 833 428 et
848 397 1054 429 vestimenta
1070 396 1209 438 propria
1226 396 1412 428 dilaniavit.
1458 396 1496 427 In
1513 397 1712 438 speluncam
1729 397 1864 428 demum
1879 399 1987 439 ipsam
2003 398 2154 436 reclusit,

343 451 428 483 “ubi
451 451 542 482 fame
564 451 680 482 taliter
702 450 902 492 angebatur,
920 449 1013 492 quod
1030 450 1072 481 de
1097 449 1252 481 manibus
1275 460 1344 481 non
1366 455 1502 491 poterat
1526 450 1674 481 evadere
1697 451 1879 482 venatoris.
1924 451 2099 493 Rugiebat
2120 451 2156 482 in

342 506 356 521 ‘⁴
370 504 446 542 fine,
470 504 587 535 volens
610 514 686 535 cum
709 509 873 535 venatore
889 513 1095 544 componere
1119 512 1181 544 pro
1200 502 1325 544 ungula
1348 502 1456 544 pedis.
1502 502 1707 534 Consuleres
1722 502 1825 544 igitur
1847 504 2010 541 venatori,
2034 510 2071 535 ut
2094 514 2155 545 pro

344 559 357 573 ‘⁴
372 556 497 599 ungula
521 556 707 588 dimitteret
729 556 863 588 leenam
877 555 890 587 ?
905 580 919 594 „
970 555 1028 587 llle
1051 561 1164 587 autem
1181 555 1391 597 excogitavit
1414 554 1662 597 aliquantulum
1679 555 1762 596 quid
1786 556 1993 588 cancellario
2016 566 2154 597 respon-

340 610 447 642 deret.
493 609 711 642 Postmodum
736 620 819 641 vero
842 610 877 641 in
900 610 990 642 hunc
1014 609 1152 640 modum
1175 610 1224 640 sic
1247 609 1444 650 respondit:

429 662 491 694 “Si
516 668 670 700 venator,
694 664 752 704 qui
775 663 894 694 silvam
918 662 1069 700 intravit,
1086 661 1172 693 meis
1188 661 1329 694 deberet
1354 661 1506 693 consiliis
1529 662 1763 703 acquiescere,
1784 672 1853 694 non
1882 662 2070 695 dimitteret
2094 673 2155 704 pro

341 716 354 730 “
370 716 498 759 ungula
512 715 659 747 leenam.
704 714 774 747 Sed
790 716 817 747 si
833 715 937 747 vellet
953 725 1030 746 cum
1047 714 1173 758 ungula
1188 715 1412 746 summitatem
1430 715 1567 747 tradere
1584 714 1715 745 aurium
1727 713 1746 751 ¹,
1771 715 1983 747 consulerem
2002 716 2157 748 venatori

341 768 355 784 ¹⁶
370 768 487 800 tacere
511 774 662 810 pactum,
685 768 764 811 quia
787 768 963 800 videretur
985 767 1143 799 habuisse
1167 768 1270 799 totius
1301 767 1454 809 corporis
1485 773 1698 808 potestatem.
1744 767 1896 810 Contigit
1919 768 2045 810 quippe
2070 768 2155 799 mul-

342 821 356 836 “
372 821 506 859 totiens,
530 822 623 863 quod
641 822 698 864 qui
720 827 827 853 totum
852 821 1007 862 requirit,
1031 826 1162 862 partem
1187 820 1357 857 ammittit,
1381 821 1499 862 sicque
1531 820 1692 852 diuturno
1715 819 1834 851 labore
1857 821 2020 862 privatur.
2067 821 2154 853 Nam

346 875 360 890 “
374 883 451 905 cum
476 884 603 915 auceps
626 874 764 916 quidam
780 879 853 905 rete
877 884 940 915 pro
965 873 1132 905 columbis
1147 873 1183 904 in
1206 883 1290 916 agro
1310 873 1523 910 tetendisset,
1548 883 1642 904 more
1666 873 1767 904 solito
1789 883 1902 905 escam
1918 873 2095 915 proiecit;'
2112 874 2157 906 ad

345 928 472 969 “quam
495 927 698 968 capiendam
721 932 851 968 septem
875 926 1034 958 columbe
1065 936 1201 964 venere,
1225 937 1288 968 pro
1311 926 1434 968 quibus
1457 926 1655 968 expandere
1686 925 1798 957 noluit
1820 931 1903 963 rete,
1928 927 2075 958 credens
2099 937 2157 958 eas

344 980 357 995 ‘⁶
373 990 439 1021 que
463 979 660 1011 residebant
684 980 718 1010 in
742 979 919 1012 arboribus
943 978 1246 1021 compre'hendere
1270 989 1347 1010 cum
1371 978 1448 1009 illis.
1494 978 1717 1020 Exspectavit
1741 978 1811 1016 diu,
1835 984 1868 1010 et
1891 989 1973 1011 ecce
1997 990 2157 1021 superve-

345 1034 358 1048 “
373 1038 496 1065 nerunt
519 1032 674 1064 falcones
697 1033 874 1065 volitando
891 1043 953 1074 per
969 1043 1095 1071 aerem,
1117 1038 1150 1063 et
1173 1032 1221 1064 sic
1245 1038 1386 1073 septem,
1404 1043 1470 1074 que
1495 1032 1561 1062 iam
1579 1036 1744 1073 ceperant
1761 1041 1886 1070 escam,
1908 1031 2039 1074 fugere.
2085 1033 2156 1064 Tu-

346 1085 440 1118 “tius
462 1096 544 1128 ergo
567 1086 689 1117 fuisset
714 1086 837 1127 aucupi
859 1091 991 1127 septem
1022 1085 1323 1127 comprehendisse
1355 1085 1540 1121 columbas,
1571 1095 1671 1127 quam
1703 1084 1750 1116 sic
1774 1085 1904 1116 redisse
1929 1085 2064 1117 domum
2096 1086 2158 1117 ho-

346 1140 510 1170 “neratus
532 1149 551 1169 a
575 1139 723 1177 labore„
742 1138 764 1169 ².
810 1139 917 1170 Iratus
940 1138 982 1169 ad
1007 1138 1071 1169 hec
1096 1137 1322 1169 cancellarius
1352 1149 1414 1180 per
1444 1138 1663 1179 semetipsum
1694 1137 1825 1175 iuravit,
1849 1138 1943 1179 quod
1974 1149 2158 1180 numquam

340 1201 417 1222 cum
442 1201 482 1222 eo
508 1197 755 1232 componerent
778 1190 1022 1228 Anchonstani,
1046 1191 1074 1222 si
1091 1201 1127 1222 se
1144 1191 1234 1232 ipsos
1252 1196 1285 1222 et
1303 1191 1477 1222 civitatem
1493 1191 1557 1222 sibi
1574 1201 1641 1222 non
1658 1190 1845 1222 redderent
1862 1191 1933 1221 sine
1949 1191 2158 1222 conditione.

342 1244 402 1275 Ille
426 1243 563 1276 demum
586 1255 744 1276 reversus
775 1250 826 1276 est
857 1245 901 1276 ad
933 1255 1021 1281 suos,
1052 1244 1141 1275 infra
1171 1255 1206 1275 se
1236 1244 1347 1285 ipsum
1380 1254 1448 1276 non
1480 1243 1701 1275 mediocriter
1730 1243 1909 1284 plorando,
1943 1244 2021 1285 quia
2052 1244 2161 1286 magis

339 1296 481 1329 timebat
504 1297 606 1329 famis
630 1304 664 1328 et
685 1297 801 1338 inopie
817 1297 985 1329 iacturam
1001 1308 1102 1340 quam
1119 1298 1312 1329 extrinseca
1328 1296 1426 1328 bella.
1471 1296 1683 1329 Convocatis
1701 1296 1916 1338 postmodum
1928 1296 1939 1312 ³
1964 1296 2160 1328 consulibus

434 1416 453 1432 1.
474 1409 582 1441 sylvam
601 1409 636 1432 M
650 1418 662 1432 e
682 1410 731 1433 cos)
752 1413 853 1439 sempre
874 1422 904 1426 —
926 1415 948 1432 2.
968 1409 1079 1432 leonam
1100 1410 1136 1438 C3
1156 1409 1278 1432 Leonam
1299 1410 1333 1432 M
1348 1421 1359 1426 -
1378 1416 1429 1439 que
1449 1407 1602 1439 dominari]
1623 1409 1738 1439 quedam
1760 1409 1820 1431 vari
1842 1409 1882 1433 C·
1896 1407 2023 1440 pluribus
2048 1408 2075 1437 V,
2093 1408 2160 1432 Ced

344 1452 379 1474 M
393 1464 403 1469 -
422 1451 500 1475 Hanc
520 1458 586 1474 vero
607 1459 664 1474 non
690 1450 715 1472 V
729 1464 761 1469 —
781 1459 805 1483 3.
826 1451 929 1474 multos
948 1458 1029 1474 canes
1049 1451 1145 1474 amisit
1171 1450 1198 1478 V,
1222 1450 1243 1473 C
1261 1452 1294 1474 ed
1311 1452 1348 1474 ill
1363 1449 1486 1480 [amissit
1508 1448 1540 1482 C]
1562 1463 1571 1467 -
1590 1450 1756 1474 dillaniavit
1779 1449 1801 1473 C
1818 1463 1826 1467 -
1847 1450 1978 1482 spelunca
2002 1449 2157 1473 Cedal-

343 1501 367 1524 4.
387 1493 460 1524 quod
482 1500 577 1517 manus
601 1493 623 1516 C
640 1494 673 1516 ed
690 1494 726 1516 M
742 1507 773 1510 —
795 1500 816 1523 5.
837 1493 947 1516 vollens
968 1494 991 1518 C
1007 1505 1018 1511 —
1039 1493 1155 1524 ungulla
1178 1493 1200 1516 C
1216 1505 1225 1510 -
1246 1493 1374 1516 consules
1397 1492 1418 1515 C
1436 1506 1466 1509 ——
1487 1492 1510 1516 6.
1532 1493 1641 1516 leonam
1666 1491 1698 1519 σς
1726 1493 1848 1516 Leonam
1872 1493 1907 1515 M
1922 1504 1931 1509 -
1957 1491 1980 1514 V
1996 1500 2007 1515 e
2031 1491 2053 1514 C
2069 1500 2116 1515 om.
2137 1492 2159 1515 il

338 1539 420 1566 punto
434 1536 528 1559 interr.
549 1549 578 1552 —-
601 1541 624 1566 7.
645 1536 697 1559 sibi
720 1537 745 1559 P
763 1544 775 1559 e
794 1535 836 1557 V·
852 1536 927 1565 Dopo
948 1536 1095 1567 respondit
1112 1544 1195 1566 segue
1215 1536 1240 1558 in
1264 1534 1286 1558 C
1302 1536 1335 1558 ed
1353 1536 1398 1558 ill:
1418 1535 1576 1567 Responsio
1596 1535 1682 1565 legati
1701 1533 1756 1566 [cui
1773 1535 1810 1558 ,il
1819 1538 1950 1565 premette
1965 1534 2034 1566 Cap.
2048 1533 2110 1566 vn]
2125 1546 2156 1550 —

344 1577 367 1601 8.
386 1578 532 1601 consciliis
555 1578 576 1600 C
593 1591 604 1596 -
624 1578 810 1609 acquiesscere
833 1578 855 1601 C
871 1591 902 1594 —
923 1585 948 1607 t).
968 1578 1078 1601 leonam
1101 1577 1134 1604 C;
1155 1576 1276 1601 Leonam
1298 1578 1334 1600 M
1348 1589 1359 1595 -
1379 1578 1536 1601 sumitatem
1561 1577 1583 1599 C
1603 1589 1612 1595 -
1632 1584 1742 1600 aureum
1761 1577 1903 1600 consulem
1929 1576 1953 1599 V
1967 1589 1999 1593 —
2022 1584 2061 1600 10.
2080 1576 2157 1600 vide-

343 1622 419 1644 retur
439 1620 580 1650 habuisse]
600 1621 723 1644 breviter
742 1621 884 1644 habuisset
904 1621 940 1643 1¹1!
954 1633 964 1638 -
985 1622 1060 1650 Dopo
1080 1622 1246 1651 potestatem
1268 1628 1348 1651 segue
1367 1621 1392 1643 in
1415 1619 1438 1642 C
1455 1621 1488 1643 ed
1505 1620 1549 1643 M:
1569 1618 1718 1646 Quomodo
1738 1620 1844 1649 legatus
1864 1618 1994 1650 [Legatus
2010 1617 2052 1648 Ml
2073 1619 2156 1642 aliam

344 1664 440 1693 posuit
460 1664 634 1694 questionem
655 1662 858 1694 [quaestionem
878 1660 932 1692 MJ,
949 1661 1003 1694 [cui
1020 1663 1045 1685 in
1066 1663 1102 1685 ,all
1118 1663 1130 1685 ὲ
1144 1665 1279 1692 premesso
1299 1660 1367 1693 Cap.
1387 1660 1460 1693 VIiI]
1477 1673 1489 1680 -
1509 1660 1662 1692 Contingit
1678 1660 1700 1684 C
1718 1662 1751 1685 ed
1761 1661 1838 1683 M-
1854 1667 1894 1684 11.
1909 1660 2015 1684 amittit
2034 1660 2100 1684 Ved
2114 1661 2158 1688 M;

342 1704 470 1728 admittit
493 1704 515 1727 C
532 1718 562 1721 —
586 1711 625 1728 12.
646 1711 746 1736 anceps
770 1704 795 1727 V
810 1717 819 1722 -
840 1705 975 1728 tendisset
1000 1703 1026 1733 V,
1050 1703 1073 1727 C
1088 1705 1122 1727 σα·
1139 1705 1176 1727 111
1203 1718 1221 1721 -
1244 1710 1283 1734 13.
1303 1704 1468 1734 captandam
1488 1703 1550 1734 [per
1569 1704 1735 1734 captandam
1748 1703 1835 1734 forse,
1855 1703 1963 1726 secondo
1989 1702 2022 1733 G]
2048 1703 2073 1725 V
2087 1716 2097 1720 -
2117 1708 2160 1726 vn

344 1746 471 1770 columbe
491 1746 648 1777 [columbae
668 1744 712 1778 M]
736 1747 757 1769 C
775 1747 807 1769 cd
830 1747 867 1769 M
887 1759 897 1764 -
918 1748 1054 1770 venerunt
1079 1746 1103 1768 V
1117 1747 1150 1769 ed
1168 1747 1204 1769 J!
1219 1759 1228 1763 -
1249 1746 1306 1777 eas]
1326 1745 1392 1769 illas
1414 1746 1436 1769 C
1453 1747 1486 1769 ed
1504 1746 1540 1769 M
1555 1759 1587 1761 —
1610 1752 1648 1776 14.
1675 1746 1703 1768 in
1724 1745 1868 1768 arboribus
1888 1745 2062 1768 rescidebant
2082 1743 2158 1775 [resi-

345 1788 448 1812 debant
467 1787 513 1820 M]
536 1788 557 1811 C
574 1790 607 1812 ed
624 1789 661 1812 Al
675 1801 685 1807 -
704 1789 863 1821 expectavit
888 1788 909 1811 C
926 1790 959 1812 ed
978 1789 1013 1812 M
1028 1802 1058 1804 —
1082 1793 1121 1818 15.
1141 1787 1258 1819 septem]
1277 1794 1321 1810 vn
1344 1787 1366 1810 C
1382 1789 1416 1811 ed
1434 1788 1470 1811 ill
1484 1800 1494 1804 -
1514 1790 1646 1818 caperant
1671 1787 1718 1810 V·
1741 1787 1871 1818 fugerunt
1890 1786 1925 1809 M
1943 1799 1974 1803 —
1992 1785 2030 1809 16.
2044 1785 2160 1818 septem]

346 1837 389 1854 vu
408 1830 475 1853 Ced
487 1832 541 1854 M-
556 1830 678 1854 reddisse
702 1830 734 1857 V:
755 1831 870 1854 rediisse
894 1830 916 1853 C
933 1831 966 1854 ed
984 1832 1019 1854 M
1034 1843 1065 1847 —
1091 1830 1175 1861 16-17.
1195 1833 1327 1853 oneratus
1353 1829 1377 1852 V
1391 1838 1404 1852 e
1427 1829 1460 1857 σς
1481 1831 1627 1853 oneratum
1647 1830 1683 1853 M
1699 1842 1730 1845 —
1753 1834 1790 1859 17.
1810 1836 1825 1852 a
1845 1837 1892 1852 om.
1916 1828 1938 1852 C
1955 1829 1987 1851 ed
2005 1829 2040 1852 Al
2056 1841 2066 1845 -
2085 1828 2160 1858 Depo

346 1873 441 1896 labore
460 1881 541 1904 seg-ue
560 1873 586 1896 in
610 1872 632 1895 C
649 1874 682 1896 ed
699 1873 743 1895 M:
763 1873 921 1904 Responsio
941 1873 1092 1896 cancelarii
1113 1871 1296 1902 lCancellarii
1322 1870 1373 1901 Ml,
1395 1871 1448 1903 [cui
1465 1873 1491 1895 in
1512 1873 1548 1895 ill
1562 1871 1575 1894 ὲ
1589 1876 1723 1902 premesso
1743 1870 1811 1902 Cap.
1836 1870 1886 1901 IX]
1905 1883 1915 1887 -
1935 1870 2118 1894 cancellerius
2141 1869 2163 1893 C

346 1926 355 1931 -
375 1915 482 1946 juravit
502 1915 534 1937 M
553 1927 563 1932 -
585 1922 724 1945 nunquam
755 1914 776 1937 C
799 1927 829 1932 —
860 1913 897 1937 18.
917 1916 1117 1945 componerent
1138 1922 1197 1937 cum
1219 1922 1250 1937 eo
1275 1914 1299 1937 V
1314 1927 1323 1931 -
1345 1914 1471 1937 rederent
1491 1915 1530 1943 Pg
1549 1914 1690 1936 traderent
1713 1912 1735 1935 C
1751 1913 1784 1936 ed
1803 1913 1838 1936 Μ
1853 1925 1863 1930 -
1882 1913 2062 1936 condictione
2089 1911 2111 1935 C
2129 1925 2159 1928 —

349 1964 388 1988 ¹9·
408 1955 529 1987 demum]
550 1963 615 1980 vero
642 1958 665 1979 (i
682 1969 691 1974 -
711 1956 744 1979 ad
766 1964 830 1980 suos
849 1965 895 1980 om.
922 1957 946 1979 V
963 1971 991 1974 -—
1013 1963 1053 1980 20.
1073 1957 1185 1989 inopiae
1205 1958 1241 1980 M
1256 1968 1264 1973 -
1284 1958 1420 1989 jacturam
1442 1957 1476 1979 M
1491 1969 1500 1973 -
1521 1954 1711 1988 postmodum]
1732 1957 1877 1986 propterea
1899 1955 1922 1979 C
1938 1955 1972 1978 ed
1990 1955 2026 1977 All

435 2043 439 2059 ¹
460 2045 481 2068 Il
501 2044 635 2069 Costanzi
655 2044 701 2075 (cf.
723 2045 749 2068 la
770 2046 824 2068 mia
846 2045 923 2076 pref„
939 2053 963 2076 p.
980 2051 1058 2068 XLvn
1075 2049 1142 2076 sgg.)
1158 2045 1227 2069 lesse

349 2086 361 2099 “
373 2088 561 2110 summitatem
585 2087 644 2110 auri
660 2105 671 2117 „
696 2088 791 2110 invece
806 2087 833 2110 ‹li
856 2086 867 2098 ‘⁴
879 2088 1069 2110 summitatem
1084 2087 1193 2110 aurium
1207 2105 1226 2113 ,,,

346 2137 359 2152 e
379 2129 476 2159 quindi
497 2130 596 2152 scrisse
616 2128 738 2159 (seguito
765 2129 840 2160 dagli
869 2129 1028 2159 storiografi
1047 2128 1227 2159 anconitani)

347 2171 523 2194 “maximum
544 2172 604 2194 auri
626 2171 736 2202 pondus
748 2188 770 2200 n·
791 2171 809 2194 il
831 2171 879 2194 che
899 2170 964 2202 pote
986 2171 1122 2194 sembi-are
1138 2172 1228 2202 prese-

348 2212 435 2242 ribile,
456 2214 538 2236 tanto
557 2211 604 2244 piii
625 2213 674 2236 che
695 2214 722 2235 in
748 2213 775 2241 V,
797 2212 875 2236 fonte
889 2213 932 2236 del
948 2212 1093 2242 Costanzi,
1109 2214 1130 2236 si
1147 2215 1228 2236 trova

349 2254 360 2266 ‘⁴
373 2261 511 2285 aureum„
544 2254 642 2277 invece
674 2254 701 2277 di
736 2253 891 2284 “aurium„
912 2254 961 2278 che
992 2255 1088 2278 hanno
1115 2255 1141 2278 P
1157 2261 1171 2277 e
1200 2254 1228 2279 C.

347 2294 433 2319 Certo
453 2296 650 2326 l’espressione
671 2304 726 2319 non
753 2294 766 2319 ὲ
787 2296 891 2323 chiara,
916 2305 930 2320 e
955 2298 1097 2320 contrasta
1124 2303 1179 2320 con
1201 2297 1227 2319 la

347 2338 464 2368 ragione
483 2339 601 2361 addotta
626 2338 684 2369 poi,
712 2339 800 2369 “quia
826 2338 995 2368 videretur„
1021 2346 1076 2362 ecc.
1114 2339 1176 2361 Non
1203 2339 1227 2362 si

347 2379 457 2411 capisce
476 2377 574 2410 perche
594 2387 644 2403 con
666 2387 721 2403 una
741 2387 847 2403 somma
867 2380 945 2403 d’oro
966 2382 1077 2412 potesse
1090 2381 1228 2404 sembrare

346 2421 373 2444 al
393 2421 549 2445 eacciatore
569 2422 596 2445 di
618 2422 763 2453 possedere
783 2422 809 2445 la
830 2423 955 2445 leonessa
975 2424 1073 2452 intera,
1094 2431 1108 2446 e
1128 2430 1183 2446 non
1204 2424 1226 2446 si

347 2464 455 2494 capisce
476 2471 622 2486 nemmeno
642 2464 663 2486 il
685 2466 696 2475 ⁴¹
710 2464 854 2495 breviter„
871 2464 1008 2495 aggiunto
1022 2465 1068 2488 dal
1088 2465 1228 2488 Muratorl

347 2503 372 2535 (⁰
384 2505 449 2535 quia
462 2505 585 2528 breviter
604 2505 782 2536 habuisset..)
797 2506 1050 2535 arbstrartamente,
1065 2505 1163 2538 perche
1183 2507 1227 2530 nel

348 2546 408 2569 cod.
430 2548 453 2571 C
471 2547 483 2559 ‘¹
495 2548 618 2570 breviter
630 2565 642 2576 ‚,
665 2554 771 2577 manca,
787 2555 862 2571 come
878 2555 976 2572 manca
991 2556 1058 2579 pure
1079 2550 1107 2572 in
1129 2549 1154 2572 I’
1171 2556 1184 2572 e
1201 2549 1227 2572 V.

348 2587 433 2611 Forse
454 2588 474 2611 il
494 2589 632 2612 Muratori
653 2589 688 2612 ha
704 2591 831 2620 spiegato
850 2597 902 2613 con
924 2589 935 2601 ‘⁴
948 2590 1094 2619 breviter„
1114 2590 1228 2614 l'abbre-

349 2630 477 2653 viazione
497 2630 526 2653 di
548 2630 713 2654 “videretur
724 2649 746 2661 η,
768 2631 800 2654 ed
826 2631 861 2654 ha
881 2639 929 2662 per
955 2639 1146 2663 conseguenza
1168 2639 1227 2655 cor-

348 2673 422 2694 retto
444 2671 456 2683 “
468 2671 622 2702 habuisse„
639 2673 669 2695 in
685 2672 697 2683 “
709 2673 852 2696 habuisset
863 2691 885 2703 υ,
901 2673 950 2696 che
965 2680 1020 2696 non
1036 2672 1049 2697 ὲ
1063 2674 1092 2697 in
1109 2681 1228 2697 nessuno

347 2713 392 2736 del
412 2713 493 2738 codd.
517 2716 585 2737 noti.
624 2714 657 2739 Se
671 2715 691 2737 il
707 2715 863 2738 cacciatore
877 2722 971 2739 avesse
986 2718 1124 2740 accettato
1144 2716 1169 2739 la
1190 2724 1227 2739 se-

348 2756 440 2779 conda
461 2756 566 2786 offerta,
586 2757 703 2780 avrebbe
729 2757 835 2781 dovuto
862 2757 964 2781 lasciar
984 2758 1072 2782 libera
1091 2758 1118 2782 la
1139 2759 1228 2787 belva,

348 2805 362 2820 e
381 2797 446 2828 pero
467 2798 492 2821 la
513 2799 586 2822 frase
607 2798 697 2830 “quia
716 2799 840 2823 breviter
860 2800 1002 2824 habuisset
1022 2802 1111 2824 totius
1131 2807 1229 2832 corpo-

350 2838 362 2850 “
373 2840 411 2863 ris
432 2842 600 2871 potestatem
611 2858 623 2871 ‚‚
640 2848 697 2865 non
716 2842 850 2872 potrebbe
863 2842 1018 2865 sussistere.
1056 2843 1078 2865 11
1092 2849 1174 2866 senso
1189 2844 1229 2865 in-

349 2888 411 2904 vece
430 2888 445 2905 a
466 2889 507 2906 me
526 2883 633 2906 sembra
653 2883 839 2912 chiarissimo,
860 2891 911 2914 pur
931 2884 1121 2907 mantenendo
1142 2884 1167 2907 le
1193 2885 1230 2907 lc-

346 2923 422 2947 zioni
443 2923 472 2947 di
491 2924 518 2947 P
533 2931 547 2947 e
565 2923 598 2947 C:
618 2924 646 2949 la
665 2925 791 2949 leonessa
818 2926 916 2948 infatti
937 2926 1078 2958 aggiunge
1099 2925 1124 2949 le
1144 2928 1230 2957 punte

1282 2045 1354 2068 delle
1374 2045 1500 2068 orecchie
1526 2044 1689 2075 all'unghia,
1704 2052 1756 2067 con
1777 2044 1803 2067 la
1818 2044 1944 2074 speciosa
1971 2043 2086 2074 ragione
2105 2042 2162 2070 che,

1282 2087 1458 2119 possedendo
1478 2087 1503 2110 le
1524 2088 1598 2118 parti
1619 2090 1735 2110 estreme
1755 2086 1798 2110 del
1820 2093 1914 2117 cni-po,
1930 2085 1948 2108 il
1970 2086 2125 2108 cacciatore
2139 2085 2161 2107 si

1282 2131 1382 2159 poteva
1404 2129 1521 2152 illudere
1541 2129 1568 2151 di
1591 2128 1735 2159 possedere
1755 2128 1776 2151 11
1797 2135 1884 2159 corpo
1905 2128 2008 2151 intero.

1368 2171 1405 2194 La
1426 2172 1549 2201 risposta
1569 2170 1612 2193 del
1634 2170 1799 2193 cancelliere
1819 2178 1832 2193 e
1860 2170 1885 2192 la
1912 2169 2016 2200 replica
2040 2168 2164 2192 dell'am-

1281 2213 1438 2236 basciatore
1458 2221 1509 2236 con
1532 2213 1556 2236 le
1576 2213 1694 2235 relative
1717 2213 1809 2236 savole
1829 2219 1900 2235 sono
1920 2212 2107 2242 ampiamente
2121 2217 2165 2241 pa-

1281 2255 1417 2278 rafrasate
1436 2255 1481 2278 dal
1502 2253 1738 2282 GUGIAELMOTTI,
1759 2258 1798 2284 op.
1818 2261 1832 2277 e
1852 2254 1909 2277 vol.
1930 2255 1987 2281 cit„
2007 2260 2051 2284 pp.
2072 2258 2162 2283 310-1¹

1282 2304 1295 2320 e
1315 2296 1349 2320 da
1369 2297 1445 2320 altri.

1369 2337 1379 2353 ‘²
1399 2338 1420 2360 A
1443 2339 1535 2369 questi
1560 2339 1662 2370 esempi
1690 2338 1718 2361 di
1745 2337 1840 2361 favole
1866 2345 1893 2360 se
1919 2344 1952 2360 ne
1972 2336 2027 2368 pub
2047 2336 2163 2367 aggiun-

1281 2388 1343 2411 gere
1363 2387 1419 2403 uno
1440 2380 1513 2403 della
1536 2381 1643 2403 metor.
1664 2380 1759 2403 noviss.
1773 2379 1826 2409 (ed.
1842 2380 1900 2408 cit.‚
1914 2386 1959 2410 pp.
1975 2377 2081 2410 293-4):
2096 2378 2108 2389 ‘¹
2120 2377 2163 2400 In-

1283 2421 1295 2433 “
1309 2422 1420 2445 vectiva
1439 2428 1486 2452 per
1508 2421 1628 2445 fabulam
1656 2423 1754 2445 contra
1776 2420 1841 2444 illos
1860 2421 1906 2452 qui
1929 2427 1979 2451 pro
2005 2426 2032 2442 re
2055 2419 2165 2442 modica

1282 2464 1294 2476 “
1307 2471 1363 2487 non
1384 2463 1518 2487 desinunt
1538 2464 1661 2495 litigare.
1697 2462 1789 2494 Lepos
1801 2465 1829 2486 et
1843 2463 1905 2485 ovis
1920 2463 1948 2485 in
1963 2463 2044 2493 prato
2058 2461 2164 2492 spatio-

1285 2504 1420 2528 “sissimo
1440 2506 1650 2536 pascebantur„
1673 2508 1726 2528 etc.

1369 2546 1379 2561 ³
1399 2548 1429 2571 P.
1449 2554 1489 2578 22,
1510 2548 1528 2571 1.
1550 2554 1622 2579 zo-p.
1644 2553 1682 2577 27,
1704 2548 1722 2570 1.
1745 2553 1790 2570 12:
1811 2546 1838 2570 Si
1861 2547 1966 2570 raduna
1987 2546 2006 2569 il
2020 2545 2164 2577 consiglio

1281 2589 1430 2619 cittadino,
1451 2590 1477 2613 al
1498 2590 1580 2620 quale
1599 2590 1621 2613 il
1648 2590 1740 2620 legato
1766 2588 1894 2612 riserisce
1919 2588 1946 2611 la
1971 2589 2095 2619 risposta
2121 2586 2164 2609 del

1282 2633 1458 2656 cancelliere.
1494 2633 1524 2657 Si
1544 2633 1651 2656 discute
1672 2640 1685 2655 a
1706 2631 1793 2662 lungo
1813 2633 1843 2655 in
1869 2631 2028 2662 proposito,
2046 2637 2060 2654 e
2081 2629 2165 2653 infine

1282 2675 1306 2698 si
1327 2675 1442 2698 nomina
1462 2682 1518 2698 una
1537 2675 1737 2698 commissione
1758 2673 1786 2696 di
1809 2672 1904 2696 dodici
1931 2672 2040 2696 uomini
2066 2679 2114 2704 per
2139 2672 2166 2695 la

1283 2718 1387 2739 ricerca
1407 2715 1449 2739 dei
1466 2716 1556 2739 viveri
1572 2716 1620 2739 che
1634 2722 1741 2738 ancora
1755 2714 1863 2738 fossero
1878 2715 1907 2737 in
1922 2711 2001 2737 cittii.
2039 2713 2077 2736 La
2091 2720 2166 2736 com-

1283 2759 1418 2782 missione
1444 2764 1500 2781 non
1527 2756 1610 2782 trovo
1638 2758 1686 2781 che
1716 2756 1810 2780 “duos
1838 2756 1953 2780 modios
1981 2756 2112 2779 frumenti
2139 2757 2166 2779 et

1285 2801 1363 2823 “tres
1383 2807 1495 2823 annone
1506 2817 1530 2830 ‚,.
1551 2804 1656 2823 mentre
1676 2798 1714 2831 gli
1735 2798 1859 2822 abitanti
1878 2805 1962 2822 erano
1983 2798 2035 2821 ben
2049 2797 2121 2820 dieci
2136 2796 2166 2828 (ο

1284 2841 1392 2871 dodici)
1412 2842 1487 2865 mila.
1525 2841 1606 2865 Nella
1632 2842 1763 2864 riunione
1789 2839 1888 2871 quindi
1916 2839 1960 2863 del
1985 2839 2088 2871 giorno
2108 2845 2167 2862 suc-

1283 2885 1393 2908 cessivo
1413 2884 1437 2907 si
1458 2884 1649 2907 manifestatio
1667 2884 1793 2906 contrari
1815 2882 1917 2914 pareri,
1936 2889 1980 2904 ma
2001 2881 2056 2905 alla
2075 2880 2128 2904 fine
2142 2881 2166 2904 si

1283 2926 1343 2949 alza
1364 2933 1400 2949 un
1424 2925 1582 2950 venerabile
1602 2924 1757 2957 megnardo,
1778 2931 1850 2956 poco
1869 2930 1952 2947 meno
1966 2924 2016 2947 che
2034 2924 2165 2947 centena-

2183 769 2220 799 lo

2185 1032 2221 1063 15

2183 1298 2224 1328 20

2191 2171 2225 2196 4⁰

2192 2382 2224 2408 45

2193 2590 2227 2615 50

2194 2802 2224 2828 55
