2282 3502
17 907 55 938 10

20 1239 56 1270 15

15 1573 56 1603 20

10 1904 49 1936 25

8 2237 50 2269 30

13 2569 52 2602 35

848 171 1175 209 l’REFAZlONE
1849 179 1919 213 XV

102 303 286 348 “nitanos‚
317 303 548 339 intendentes
577 305 730 350 imperii,
761 313 998 352 expugnaret.
1056 307 1221 342 Oderant
1251 310 1348 342 enim
1380 309 1510 343 Veneti
1542 311 1806 355 Anconitanos,
1846 319 1919 347 tum

100 371 115 389 “
134 377 285 417 propter
312 371 529 406 inimicicias
557 383 626 418 que
656 372 747 406 inter
776 384 841 407 eos
870 374 1023 416 lucrant,
1054 386 1137 408 cum
1167 375 1276 409 etiam
1307 382 1456 420 propter
1486 376 1652 411 inimicos
1681 389 1808 412 eorum
1830 380 1920 412 Gre-

101 438 209 482 “cos,
239 448 329 484 quos
357 437 424 482 ipsi
454 437 487 471 in
518 437 643 472 odium
675 444 710 472 et
739 439 1038 474 contrarietatem
1072 441 1313 475 Veneciarum
1343 442 1599 487 suscipiebant.
1657 444 1763 478 Unde
1803 445 1920 489 prefa-

99 504 188 540 “tus
216 503 290 540 dux
317 504 524 539 exercitum
553 505 738 549 galearum
768 511 803 540 et
832 506 983 540 aliarum
1015 507 1162 541 navium
1196 508 1376 553 preparari
1407 509 1505 541 iussit
1543 508 1587 542 ed
1625 509 1670 544 ad
1708 522 1919 556 expugnan-

103 570 118 588 “
135 571 203 606 dos
230 571 486 606 Anconitanos
515 571 631 616 ipsum
661 572 757 606 misit
785 584 878 607 anno
908 573 1057 607 Domini
1093 574 1201 610 1173.
1259 574 1341 608 Fuit
1370 586 1457 620 crgo
1480 576 1633 610 Ancona
1652 588 1671 610 a
1694 578 1918 612 Venetorum

103 638 117 655 ‘⁴
135 636 301 672 exercitu
330 648 394 683 per
422 647 520 672 mare
549 638 696 673 obsessa
725 644 761 672 et
790 643 864 673 tam
893 639 938 673 ab
968 640 1052 685 ipsis
1083 640 1235 674 Venetis
1263 652 1369 686 quam
1398 642 1442 675 ab
1464 643 1627 676 exercitu
1656 643 1918 690 archiepiscopi

101 702 338 748 “Christiani,
368 703 576 739 cancellarii
598 705 838 750 imperatoris,
860 706 895 740 in
915 706 1065 740 circuitu
1095 707 1234 742 fortiter
1263 719 1327 753 per
1355 707 1501 753 aliquod
1531 715 1672 754 tempus
1701 717 1918 756 expugnata.

101 771 179 806 “Et
207 781 291 805 cum
318 771 390 805 iam
420 771 554 806 viribus
583 777 620 806 et
658 771 839 807 victualiis
877 772 1103 807 Anconitani
1141 773 1371 816 defecissent,
1414 786 1479 808 nee
1519 783 1663 819 possent
1702 777 1920 811 exercitibus

94 840 110 855 ⁸·
128 837 295 873 resistere
325 844 361 872 et
388 849 426 872 se
457 837 609 873 Venetis
639 838 874 874 libentissime
904 839 1055 874 rendere
1085 839 1231 883 vellent,
1263 839 1308 873 (le
1329 852 1483 886 quorum
1504 841 1573 874 fide
1593 842 1825 878 confidebant
1846 856 1916 877 non

96 902 111 920 ‘⁴
131 902 330 948 modicum,
360 903 507 950 quidam
537 904 850 948 Lombardorum,
879 906 938 952 qui
969 906 1161 951 pecuniam
1189 906 1422 951 imperatoris
1452 907 1655 942 Grecorum
1689 917 1916 955 acceperant,

98 969 112 987 “
129 981 278 1005 causam
306 971 536 1016 imperatoris
566 971 822 1006 Romanorum
843 972 1028 1006 destruere
1050 973 1236 1018 cupientes
1257 979 1291 1006 et
1313 974 1540 1008 Venetorum
1571 974 1724 1010 victorie
1754 977 1915 1010 inviden-

98 1037 197 1081 “tes,
228 1042 545 1083 congregaverunt
575 1038 772 1072 maximum
802 1039 1006 1073 exercitum
1035 1045 1071 1073 et
1100 1040 1135 1073 in
1156 1039 1329 1073 auxilium
1359 1041 1690 1085 Anconitanorum,
1720 1043 1778 1087 qui
1809 1054 1917 1088 penes

99 1102 114 1120 ¹⁴
132 1103 204 1138 iam
232 1104 419 1139 exanimes
448 1103 567 1139 effecti
598 1104 750 1148 fuerant,
780 1104 1053 1140 festinaverunt.
1111 1106 1243 1140 Veneti
1267 1118 1354 1140 vero
1373 1108 1607 1153 asperitatem
1637 1108 1765 1143 hiemis
1784 1110 1910 1143 timen-

100 1171 187 1206 “tes
215 1176 251 1205 et
279 1170 315 1204 in
343 1177 448 1216 portu
477 1170 635 1205 Ancone
664 1171 798 1205 diutius.
826 1177 974 1217 propter
1004 1171 1161 1206 hiemem
1199 1184 1276 1206 esse
1314 1184 1387 1206 non
1423 1173 1608 1217 audentes,
1648 1175 1831 1209 redierunt
1867 1176 1911 1209 ad

102 1236 117 1254 ‘⁴
134 1236 281 1282 propria
299 1265 313 1282 „
337 1233 359 1271 ¹.

178 1302 551 1349 Cronologicamente
580 1302 681 1349 dopo
701 1302 902 1338 l'lIisloria
931 1304 1077 1338 Ducum
1097 1305 1204 1338 viene
1226 1304 1257 1338 la
1277 1317 1436 1340 cronaca
1466 1306 1501 1339 di
1522 1306 1682 1341 Martino
1703 1307 1747 1341 da
1767 1308 1914 1351 Canale,

91 1380 148 1404 ma
176 1380 254 1404 essa
283 1380 414 1404 manca
443 1375 644 1415 purtroppo
674 1369 770 1404 della
791 1376 891 1416 parte
913 1371 1212 1417 corrispondente
1233 1370 1265 1404 al
1296 1372 1450 1416 periodo
1476 1373 1639 1410 1172-78
1657 1370 1679 1406 ².
1735 1374 1905 1408 'l‘uttavia

91 1446 169 1470 essa
198 1437 217 1470 ὲ
247 1436 280 1470 la
309 1435 408 1470 fonte
437 1435 639 1482 principale
669 1436 726 1471 del
757 1436 966 1472 cosidcletto
999 1437 1203 1472 Chronicon
1232 1437 1370 1481 Λίιιντί,
1398 1439 1599 1484 compilato
1635 1439 1723 1474 sulla
1751 1440 1821 1474 fine
1851 1440 1908 1474 del

91 1502 220 1538 secolo
247 1501 339 1538 XIII
368 1513 387 1535 e
417 1509 638 1537 conservato
668 1503 726 1537 nel
756 1503 840 1537 cod.
872 1504 934 1538 lat.
971 1505 1053 1548 124,
1092 1503 1135 1538 cl.
1176 1503 1241 1547 IX,
1280 1503 1377 1538 della
1415 1505 1602 1539 Marciana
1640 1505 1674 1538 di
1715 1506 1875 1540 Venezia
1891 1505 1915 1540 ³.

93 1569 164 1604 Dai
192 1568 294 1603 brani
321 1569 473 1604 staccati
494 1569 561 1603 che
583 1581 627 1604 ne
647 1569 821 1615 pubblicb
840 1571 901 1616 gia
922 1569 1130 1605 l'Arclzivio
1150 1570 1278 1604 slorzfco
1298 1570 1449 1605 italiana
1469 1571 1570 1615 tolgo
1590 1578 1727 1617 quanto
1747 1572 1914 1616 riguarda

90 1634 260 1670 l’assedio
280 1634 316 1669 di
336 1635 512 1671 Ancona:
543 1637 557 1654 “
575 1638 662 1671 Post
681 1636 754 1671 hoe
774 1637 896 1672 veneti
918 1642 1147 1672 accesserunt
1167 1647 1261 1681 agon
1281 1636 1380 1671 iuxta
1400 1637 1594 1671 Anconam
1624 1638 1908 1685 obsideruntque

95 1702 110 1719 “
129 1713 193 1750 per
221 1713 322 1737 mare
351 1703 550 1737 Anconam
579 1707 616 1737 et
644 1702 760 1738 dictus
788 1703 988 1749 imperator
1007 1702 1206 1737 Federicus
1225 1715 1289 1748 per
1318 1710 1461 1737 terram.
1479 1728 1487 1737 .
1505 1728 1514 1736 .
1532 1731 1539 1738 .
1561 1703 1666 1738 Tunc
1688 1716 1775 1738 vero
1804 1715 1912 1739 anco-

95 1769 110 1787 “
129 1767 241 1803 nitani
268 1769 376 1803 tantis
404 1768 546 1803 fuerunt
573 1769 728 1803 miseriis
756 1768 859 1803 famis
887 1774 924 1803 et
953 1769 1125 1813 angustiis
1152 1769 1306 1804 involuti
1334 1770 1432 1816 quod
1452 1771 1614 1815 oportuit
1634 1782 1696 1805 eos
1716 1771 1910 1805 comedere

96 1833 110 1851 ‘⁴
127 1845 254 1870 carnes
280 1834 476 1881 musipulas
505 1841 540 1870 et
569 1835 766 1880 murilegos
793 1835 960 1883 solasque
989 1836 1292 1871 calcimentorum
1319 1847 1477 1870 suorum.
1496 1861 1504 1870 .
1522 1862 1530 1870 .
1549 1863 1557 1871 .
1597 1837 1785 1872 Postremo
1825 1849 1913 1871 vero

93 1901 107 1918 ¹⁴
128 1901 348 1936 anconitana
376 1901 505 1936 civitas
533 1902 569 1935 in
597 1906 738 1936 tantum
767 1907 984 1937 venetorum
1011 1901 1200 1936 insultibus
1229 1913 1350 1948 pressa
1381 1902 1444 1937 fuit
1472 1903 1570 1948 quod
1601 1903 1756 1938 finaliter
1785 1915 1913 1938 consu-

95 1967 110 1984 “
127 1974 226 2003 mata
253 1968 320 2003 fuit
347 1968 547 2003 eoncordia
577 1968 653 2003 talli
684 1974 792 2014 pacto
823 1975 859 2002 ut
888 1967 989 2002 nulus
1018 1968 1255 2003 anconitanus
1283 1981 1367 2003 cum
1395 1969 1476 2003 navi
1505 1982 1566 2004 sua
1587 1971 1733 2015 propria
1754 1970 1813 2004 vel
1833 1982 1914 2004 vas·

92 2036 106 2052 ‘⁴
127 2035 204 2070 selo
232 2034 379 2069 habenti
399 2034 608 2069 timonarias
629 2035 801 2080 navigare
822 2035 972 2070 deberet
991 2064 1006 2080 „
1026 2033 1056 2068 ⁴:
1088 2035 1185 2069 dove
1214 2035 1336 2070 risalta
1355 2035 1488 2078 subito,
1510 2047 1573 2081 per
1592 2043 1725 2083 quanto
1745 2037 1914 2081 riguarda

89 2101 122 2136 la
151 2101 316 2145 carestia‚
345 2101 380 2135 la
409 2101 719 2147 corrispondenza
747 2106 875 2136 stretta
904 2113 975 2136 con
1004 2101 1036 2136 le
1066 2101 1189 2146 parole
1219 2100 1255 2134 di
1274 2102 1402 2145 Bone,
1436 2106 1449 2118 ‘⁴
1470 2101 1617 2149 quidam
1647 2114 1773 2137 eorum
1795 2114 1914 2146 canes,

96 2166 111 2183 ¹⁴
128 2166 324 2213 musipulas
352 2172 388 2202 et
416 2179 536 2202 mures
564 2179 610 2203 eo
639 2173 806 2214 tempore
843 2168 1114 2211 comederunt„
1135 2165 1158 2212 ⁵,
1197 2175 1338 2202 mentre
1377 2167 1565 2202 l'aecordo
1602 2170 1816 2204 sueces÷iv0
1855 2176 1910 2203 tra

87 2233 253 2269 Venezia
281 2232 327 2268 ed
359 2233 517 2268 Ancona
545 2246 618 2269 non
645 2239 753 2269 trova
781 2234 965 2269 riscontro
995 2235 1039 2268 ne
1068 2235 1103 2268 in
1133 2233 1250 2268 Bone.
1279 2236 1325 2268 ne
1354 2235 1388 2268 in
1417 2235 1506 2269 altre
1538 2235 1626 2269 fonti
1657 2248 1677 2270 e
1708 2247 1770 2281 per
1790 2236 1822 2269 la
1851 2247 1912 2270 sua

89 2305 199 2336 stessa
228 2300 488 2345 esagerazione
517 2301 661 2335 sembra
689 2312 787 2347 poco
816 2300 1032 2336 attendibile
1048 2298 1074 2335 ⁶.

176 2366 202 2401 ll
231 2377 338 2412 passo
367 2366 428 2412 poi
458 2365 514 2401 del
544 2365 641 2412 doge
671 2379 690 2401 e
720 2368 880 2403 cronista
909 2366 1061 2402 Andrea
1090 2366 1263 2402 D.1ndolo
1291 2368 1447 2402 relativo
1465 2367 1669 2402 all'assedio
1690 2367 1725 2401 di
1746 2369 1904 2404 Ancona

88 2433 262 2468 richiarna
289 2432 400 2481 quelli
421 2431 504 2466 dell’
513 2430 679 2467 Historia
695 2432 843 2468 Ducum
863 2445 882 2467 e
903 2433 937 2467 di
958 2433 1170 2469 Romualdo
1199 2434 1444 2478 Salernitano,
1475 2433 1597 2470 donde
1619 2435 1911 2480 probabilmente

89 2496 253 2544 deriva⁷,
281 2500 396 2534 anche
425 2510 491 2545 per
519 2499 529 2532 i
558 2499 657 2534 nomi
687 2499 748 2534 dei
777 2499 962 2536 liberatori
993 2500 1204 2546 Guglielmo
1226 2500 1272 2535 ed
1299 2501 1478 2545 Aldruda,
1499 2513 1519 2535 e
1538 2512 1653 2536 suona
1673 2502 1769 2537 cosi:
1808 2501 1822 2518 “
1841 2502 1912 2536 Fe-

97 2565 112 2583 ‘⁴
129 2565 270 2601 dericus
297 2566 392 2601 inter
418 2566 510 2600 haec
547 2564 792 2601 Christianum
829 2567 1161 2614 Archiepiscopum
1197 2568 1453 2614 Maguntinum
1482 2567 1528 2602 ad
1555 2568 1696 2603 Italiam
1725 2568 1850 2612 mittit,
1880 2574 1916 2602 et

177 2692 186 2710 ¹
205 2694 276 2719 Issst.
294 2696 397 2719 Ducum
425 2695 612 2722 Veneticarum.
633 2696 662 2718 in
683 2695 755 2718 Aion.
781 2694 868 2719 Germ.
891 2695 973 2725 Hist„
1115 2694 1127 2710 ⁴
1147 2696 1253 2721 Arch.
1274 2698 1363 2721 stor.
1386 2697 1471 2727 ital„
1493 2697 1552 2723 vol.
1571 2698 1627 2727 cit„
1649 2705 1674 2729 p.
1695 2697 1753 2729 264.

91 2737 150 2766 SS..
169 2736 243 2766 xiv,
262 2745 309 2770 pp.
329 2737 390 2761 81-2
411 2737 455 2770 (ed
474 2738 561 2761 anche
580 2737 610 2761 in
632 2738 738 2761 Arch.
765 2739 855 2762 stor.
882 2738 974 2767 ital„
1115 2737 1126 2753 ⁵
1146 2737 1191 2762 Cf.
1210 2739 1238 2762 la
1257 2740 1386 2770 presente
1405 2740 1477 2763 ediz.
1498 2747 1512 2763 a
1533 2747 1558 2771 p.
1579 2746 1621 2771 32,
1641 2747 1654 2763 e
1674 2740 1701 2763 la
1722 2747 1748 2763 n.
1769 2745 1793 2763 2.

90 2778 156 2803 VIII
171 2777 272 2812 [1845],
291 2787 337 2812 pp.
359 2785 445 2811 171-2,
466 2780 535 2804 ediz.
554 2780 588 2804 A.
609 2778 713 2810 Rossi).
1115 2777 1125 2794 ⁶
1145 2778 1212 2804 Cosi
1239 2781 1318 2805 crede
1344 2781 1431 2805 anche
1458 2781 1488 2806 L.
1514 2781 1668 2810 Usseoon,
1698 2782 1715 2804 l
1735 2782 1864 2805 marchesi
1887 2782 1916 2805 di
1947 2788 1976 2804 10

177 2819 188 2836 ²
207 2821 287 2846 Ediz.
300 2829 315 2846 a
328 2829 394 2846 cura
408 2822 438 2846 di
454 2823 491 2848 A.
506 2821 588 2846 Rossi
611 2823 640 2846 in
660 2822 761 2845 Arch.
781 2824 865 2846 stor.
887 2820 972 2850 Ital.¹
1026 2822 1115 2854 Alons.
1133 2829 1197 2850 ece,
1218 2821 1327 2852 Casale,
1345 2823 1489 2855 Miglietta
1509 2831 1573 2852 ecc.,
1597 2823 1672 2855 1926,
1693 2824 1713 2851 1,
1729 2831 1755 2854 p.
1768 2823 1828 2855 376.
1844 2831 1868 2847 n.
1892 2831 1914 2848 1.

91 2863 148 2887 vol.
166 2864 225 2893 cit„
244 2871 291 2895 pp.
310 2863 437 2895 268-766.
1113 2862 1125 2878 ⁷
1139 2863 1338 2893 Snxonstsrn,
1352 2866 1385 2888 A.
1400 2865 1524 2889 Dandolo
1536 2866 1618 2895 (trad.
1631 2864 1699 2893 cit.),
1714 2873 1739 2896 p.
1757 2872 1818 2896 14¹³
1833 2865 1913 2889 Mox-

176 2903 188 2920 ³
212 2904 258 2929 Cf.
284 2905 318 2930 H.
345 2905 538 2937 Sxmoxsr’sscn,
576 2906 771 2930 Venetianische
801 2906 922 2933 Studien,
951 2905 970 2935 Ι,
1025 2912 1130 2930 neom
1150 2907 1179 2930 in
1201 2909 1268 2930 nota
1288 2907 1315 2930 al
1335 2907 1462 2937 Saxuoo,
1484 2908 1523 2931 Le
1549 2908 1607 2932 Vite
1626 2908 1671 2931 dei
1688 2908 1772 2939 Dogi,
1793 2908 1822 2931 in
1850 2915 1915 2938 que-

90 2945 239 2976 Miinchen.
257 2947 445 2978 Aekermanu,
467 2948 541 2980 1878,
561 2955 606 2981 pp.
628 2947 708 2980 53-76
727 2956 741 2971 e
764 2946 849 2978 1638.
1026 2949 1068 2971 sta
1091 2948 1229 2975 Raccolta,
1249 2948 1335 2976 xxn,
1355 2950 1434 2979 parte
1454 2955 1494 2977 ιν,
1514 2956 1538 2980 p.
1561 2949 1618 2979 285,
1642 2956 1667 2972 n.
1690 2955 1713 2980 5.
