2287 3466
243 1699 273 1716 10

242 1925 270 1950 15

240 2138 272 2154 20

239 2343 269 2367 ²5

237 2556 272 2580 30

237 2763 268 2788 35

306 163 327 197 ὁ
1027 164 1409 202 BONCOMPAGNI

301 293 456 325 homines
480 299 640 335 tanquam
666 294 828 325 animalia
850 294 1100 327 irrationabilia
1125 302 1158 327 et
1181 296 1307 337 passim
1331 297 1516 329 bestiarum
1541 308 1633 329 more
1651 305 1857 341 vagarentur
1874 310 1939 332 nec
1956 306 2130 332 uterentur

300 347 413 388 aliqua
436 346 566 378 ratione
589 347 702 385 animi,
725 347 754 378 si
772 348 927 388 corporis
942 349 1181 380 tantummodo
1198 349 1438 399 satisfacerent
1453 350 1617 392 voluptati
1635 350 1654 382 ¹.
1700 352 1759 383 Sic
1776 362 1859 395 ergo
1877 359 1966 385 esset
1982 354 2128 385 humana

302 399 455 431 conditio
479 399 512 429 in
537 405 668 440 partem
693 399 831 437 reflexa,
855 406 891 431 ut
915 401 1022 431 nichil
1048 401 1143 432 fieret
1167 402 1316 444 equabili
1341 402 1603 440 deliberatione,
1628 403 1735 435 nichil
1760 410 1965 437 tractaretur
1983 406 2058 448 lege
2076 406 2128 437 vel

300 451 458 489 moribus,
482 457 533 482 set
557 452 788 493 quorumlibet
804 454 994 494 potentium
1011 454 1168 486 voluntas
1185 465 1246 495 pro
1263 455 1334 485 iure
1352 455 1546 493 haberetur,
1563 462 1596 487 et
1614 456 1801 489 imbecilles
1817 458 1887 499 pati
1903 458 2128 497 solummodo,

300 514 367 535 non
390 515 495 547 agere
519 511 703 545 oporteret.

750 506 865 537 Fieret
889 512 999 538 autem
1026 506 1172 549 quilibet
1196 508 1399 539 orbicularis
1423 508 1515 539 circa
1547 509 1726 547 revolutio,
1758 516 1791 542 et
1821 511 1900 542 dum
1933 512 2012 543 hinc
2045 512 2126 543 inde

301 562 433 588 mortua
458 558 602 598 oppinio
626 558 821 596 resultaret,
845 559 1022 601 multiplex
1047 561 1091 592 de
1116 570 1205 592 novo
1230 567 1455 603 consurgeret
1484 572 1591 599 error,
1623 562 1679 603 qui
1712 562 1848 594 diverso
1879 564 2060 596 libramine
2093 564 2127 595 in

301 620 384 642 ceca
408 611 579 651 penderet
600 617 741 649 statera3
766 618 800 644 et
824 613 903 644 dum
928 613 1134 645 librarentur
1157 614 1313 654 plurima,
1337 614 1551 646 inveniretur
1574 615 1666 647 idem
1691 627 1710 647 a
1733 626 1800 658 quo
1825 622 1942 648 natum
1965 618 2080 650 fuerat
2095 623 2129 650 et

1032 667 1192 699 Redacta
1225 667 1366 699 fuerunt
1395 668 1497 710 igitur
1528 669 1560 698 in
1594 668 1728 710 scriptis
1759 670 1854 701 facta
1884 672 2062 708 maiorum,
2095 676 2132 702 ut

301 673 529 705 progressum,
560 665 654 706 quod
684 665 815 707 reperit
844 667 985 708 primus.

300 717 447 747 humana
469 728 626 760 propago
650 719 855 750 successivis
878 725 1031 751 uteretur
1055 720 1231 761 exempliS,
1255 726 1290 751 et
1313 731 1390 752 cum
1413 721 1509 752 audit
1532 728 1692 763 quantam
1718 722 1889 754 victoriosi
1913 723 2056 766 gloriam
2075 735 2128 755 re·-

299 769 495 810 portabant,
518 771 561 802 de
585 771 710 802 virtute
735 771 769 802 in
794 772 952 804 virtutem
978 773 1183 810 ascendat23
1210 779 1242 805 et
1266 773 1346 804 dum
1370 774 1533 816 intelligit
1556 780 1684 816 quanto
1715 775 1862 807 ludibrio
1894 776 2069 808 criminosi
2093 783 2127 808 et
2155 777 2192 808 10

300 822 532 863 pusillanimes
554 824 856 866 respergebantur‚
881 836 900 855 a
923 824 1090 856 similibus
1113 832 1246 864 caveat,
1272 837 1313 857 ne
1337 837 1455 867 parem
1480 826 1655 858 infamiam
1680 837 1722 858 ex
1745 834 1821 869 post
1844 828 1939 860 facto
1963 829 2127 862 incurrat.

299 875 385 906 Nam
412 885 488 907 cum
513 882 607 917 geste
631 887 685 908 res
709 882 742 908 et
767 877 928 909 maiorum
953 884 1030 910 acta
1051 878 1262 915 recoluntur,
1288 879 1332 910 ad
1356 881 1476 911 eadem
1504 879 1663 911 facienda
1681 880 1835 922 passibus
1851 881 2003 912 tenditur
2018 883 2127 914 affec-

300 928 415 964 tuosi&
439 934 476 959 ut
500 929 544 960 de
568 940 604 960 re
628 930 797 961 consimili
822 930 942 962 similis
965 931 1077 962 valeat
1101 931 1253 973 gloriari.

299 987 414 1012 ranter
436 982 637 1019 imitaretur,
661 983 740 1014 dum
765 983 859 1014 audit
884 984 978 1024 quod
1002 983 1119 1015 orbem
1143 984 1336 1015 universum
1362 985 1514 1026 posuerit
1538 985 1599 1016 sub
1624 985 1760 1019 tributo.

1301 930 1460 968 Quilibet
1483 938 1596 963 autem
1620 943 1681 963 rex
1706 932 1942 965 Alexandrum
1957 934 1968 951 ³
1993 934 2127 966 deside-

1810 984 1966 1022 Quilibet
1983 988 2017 1019 in
2034 988 2126 1020 bello

299 1033 448 1065 existens
471 1033 590 1066 Iudam
616 1033 868 1066 Machabeum⁴
890 1036 1039 1068 libenter
1062 1043 1262 1078 sectaretur,
1286 1037 1342 1079 qui
1370 1047 1446 1068 cum
1479 1038 1694 1079 paucissimis
1725 1039 1858 1071 devicit
1889 1040 2124 1081 potentissime
2153 1040 2190 1071 15

298 1086 491 1118 Philisteos.

390 1282 410 1298 1.
430 1277 571 1306 tamquam
592 1277 628 1299 M
643 1289 652 1293 -
672 1278 699 1300 et
719 1278 829 1309 passuis
845 1279 882 1307 C}
902 1278 929 1301 el
949 1279 1060 1308 pascuis
1075 1279 1111 1302 M
1126 1292 1157 1295 -—
1178 1285 1201 1301 2.
1215 1278 1262 1302 sed
1276 1270 1377 1310 corpus
1391 1279 1588 1303 tantummodo
1603 1280 1779 1303 satisfaceret
1795 1280 1816 1304 C
1829 1281 1862 1303 ed
1874 1281 1927 1304 Μ-
1940 1281 2085 1305 voluntati
2105 1280 2130 1303 V

539 1087 697 1125 Quilibet
721 1089 819 1120 dives
842 1100 876 1119 se
900 1089 1010 1130 ipsum
1035 1100 1285 1133 recognoscere
1309 1090 1423 1128 debet,
1448 1102 1490 1122 ne
1514 1091 1556 1123 ab
1581 1091 1651 1123 alto
1676 1097 1814 1123 corruat
1836 1092 1924 1124 sicut
1941 1092 2126 1125 Nabucho-

300 1139 461 1178 donosor,
485 1141 543 1182 qui
567 1141 741 1173 edificavit
764 1147 909 1174 statuam
933 1153 1070 1174 auream
1102 1143 1136 1174 in
1168 1154 1291 1185 campo
1323 1143 1487 1186 Dyrach⁵
1520 1144 1700 1185 provincie
1733 1145 1918 1177 Babilonis.

1967 1144 2126 1183 Quilibet

299 1330 331 1334 —
351 1323 375 1346 3.
395 1319 475 1349 parte
497 1318 520 1342 C
536 1318 570 1340 ed
587 1319 623 1341 M
638 1331 646 1335 -
668 1318 740 1342 nihil
767 1318 792 1342 V
806 1332 813 1336 -
833 1321 863 1342 ut
890 1327 945 1343 non
966 1319 1043 1343 fieret
1063 1327 1132 1350 equa
1153 1319 1203 1350 [M
1222 1320 1321 1351 aequa]
1348 1321 1553 1345 deliberatione
1574 1321 1622 1352 [M
1637 1321 1817 1352 deliberatio]
1837 1322 1895 1345 nisi
1913 1324 2082 1346 tractaretur
2102 1323 2125 1348 C

300 1359 334 1381 ed
351 1359 388 1382 M
403 1371 411 1376 -
432 1359 504 1382 nihil
530 1358 555 1382 V
571 1373 600 1376 —
621 1368 646 1391 4.
665 1361 710 1383 sed
737 1360 809 1384 Ved
826 1362 861 1384 M
884 1374 893 1378 -

919 1363 1051 1392 potentus
1073 1363 1096 1386 C
1113 1375 1121 1379 -
1138 1362 1202 1393 Jure
1222 1363 1258 1385 M
1275 1375 1304 1379 —
1327 1368 1350 1392 5.
1370 1364 1462 1386 antem
1484 1370 1548 1386 cura
1568 1363 1691 1394 quelibet
1712 1363 1761 1394 [M
1775 1363 1929 1395 quaelibet]
1955 1364 2123 1388 orbicularis

299 1400 442 1424 revolutio
464 1402 486 1425 C
503 1402 538 1424 ed
554 1402 591 1425 Μ
606 1416 636 1419 -
659 1402 711 1432 5-6.
731 1403 797 1426 hinc
818 1404 968 1427 immortua
995 1404 1116 1435 oppinio
1135 1402 1245 1436 [opinio
1266 1402 1310 1436 M]
1327 1405 1486 1434 resultaret,
1507 1406 1533 1428 et
1554 1405 1705 1437 multiplex
1725 1406 1758 1428 de
1785 1412 1860 1429 novo
1887 1406 1927 1429 sic
1954 1408 2078 1437 surgeret
2104 1407 2126 1430 C

301 1443 335 1465 ed
352 1443 389 1466 M
402 1456 434 1460 —
456 1448 478 1473 7.
499 1443 580 1466 cecha
606 1443 651 1465 V·
672 1445 779 1469 incerta
799 1446 931 1476 penderet
952 1446 974 1469 C
991 1447 1025 1469 ed
1043 1447 1079 1469 M
1094 1459 1102 1463 -
1123 1446 1244 1477 plurima
1265 1447 1466 1470 invenerentur
1481 1447 1549 1471 Ced
1566 1448 1601 1470 M
1617 1460 1647 1464 —
1668 1447 1691 1470 8.
1707 1449 1736 1470 in
1757 1455 1803 1470 om.
1827 1448 1895 1472 Ced
1906 1448 1937 1470 M
1950 1461 1957 1465 -
1972 1448 2122 1480 scripturis

305 1483 331 1507 V
345 1497 376 1500 ——
396 1491 419 1515 9.
441 1485 627 1509 victoriosius
653 1485 678 1508 V
691 1500 721 1502 —
742 1493 814 1517 9-10.
828 1489 963 1518 quantum
979 1488 1127 1511 victoriosi
1143 1488 1251 1519 gloriae
1266 1489 1458 1520 reportabant.
1473 1489 1505 1512 ad
1522 1489 1657 1512 virtutem
1672 1489 1803 1513 ascendat
1818 1490 1854 1513 M
1869 1502 1900 1506 —
1923 1496 1962 1513 10.
1982 1490 2012 1513 in
2033 1491 2123 1514 virtu-

301 1527 356 1549 tem
376 1535 423 1550 om.
445 1527 468 1550 C
485 1540 493 1544 -
514 1528 669 1552 ascendunt
690 1529 712 1552 C
729 1541 761 1546 -
785 1535 822 1552 11.
845 1530 1028 1560 pusilanimes
1049 1530 1084 1560 Cg
1105 1530 1303 1562 pusillamines
1331 1531 1355 1554 V
1369 1543 1376 1548 -

1398 1531 1550 1554 simillibus
1572 1532 1594 1555 C
1615 1544 1647 1548 -
1670 1538 1708 1555 12.
1729 1539 1770 1554 res
1797 1534 1873 1562 geste
1899 1529 1946 1564 [M
1965 1530 2070 1565 gestae]
2096 1534 2123 1555 et

300 1569 438 1592 maiorum
460 1569 534 1593 facta
555 1571 578 1595 C
596 1571 629 1593 ειί
646 1571 683 1593 Μ
697 1582 707 1587 -
727 1572 790 1594 acta
809 1571 997 1595 revolvuntur
1020 1572 1045 1594 V
1059 1585 1070 1589 -
1090 1573 1204 1596 eandem
1226 1572 1381 1596 faciendam
1406 1572 1439 1601 V;
1459 1575 1486 1596 et
1511 1573 1545 1596 ad
1571 1573 1665 1596 eadem
1693 1573 1821 1597 facienda
1846 1574 1974 1606 passibus
2000 1574 2123 1598 traditur

299 1610 458 1634 affectuosis
477 1612 514 1634 M
529 1624 560 1628 —
584 1618 623 1642 ¹3·
643 1614 673 1635 ut
693 1613 757 1635 dare
782 1612 807 1635 V
821 1626 829 1630 -
850 1613 1007 1637 consimilli
1030 1614 1052 1637 C
1068 1627 1078 1632 -
1099 1614 1233 1638 similiter
1252 1615 1345 1638 valeat
1367 1615 1390 1639 C
1408 1616 1441 1638 ed
1458 1616 1494 1638 ΑΙ
1509 1627 1520 1632 -
1538 1616 1614 1638 enim
1634 1623 1681 1638 rex
1704 1616 1726 1640 C
1745 1616 1778 1639 ecl
1794 1616 1840 1644 ΛΓ,
1866 1623 1914 1639 rex
1934 1617 2026 1639 autem
2052 1616 2078 1640 V
2091 1629 2123 1632 —

302 1658 388 1683 13-14.
409 1652 614 1677 descideranter
635 1655 671 1681 C;
692 1655 832 1678 desiderat
854 1656 963 1679 imitari
982 1657 1019 1680 ll!
1034 1669 1065 1672 —
1089 1662 1127 1686 15.
1147 1656 1344 1680 Machabaeum
1366 1658 1402 1680 M
1416 1669 1427 1675 ·
1446 1657 1621 1681 libentisime
1644 1658 1679 1684 C;
1700 1657 1887 1681 libentissime
1907 1659 1984 1681 M—
2000 1657 2038 1682 16.
2052 1657 2122 1689 Phy-

301 1693 399 1717 listeos
421 1696 444 1718 C
468 1709 498 1712 —-
522 1694 609 1726 16-17.
628 1696 888 1721 Nabuchodonasor
912 1697 937 1720 V
951 1711 983 1714 ⁷—-
1007 1704 1044 1728 17.
1064 1698 1226 1722 hedificavit
1251 1698 1283 1727 V;
1303 1698 1456 1723 edifficavit
1478 1700 1511 1727 C;
1531 1699 1692 1723 aedificavit
1711 1700 1747 1723 M
1762 1712 1770 1717 -
1792 1701 1926 1724 stattuam
1948 1700 1971 1724 C
1988 1713 1996 1717 -
2016 1700 2122 1724 Duram

304 1735 339 1765 V·‚
359 1736 466 1760 Durich
487 1737 510 1761 C
527 1738 561 1760 ed
578 1737 615 1761 M
631 1750 638 1754 -
659 1739 826 1769 provinciae
847 1740 882 1762 ΑΙ
898 1752 905 1756 -
927 1740 1093 1764 Babbilonis
1117 1739 1142 1763 V

300 1837 317 1860 l.
340 1836 405 1869 18]),
426 1838 555 1862 indicato
575 1847 652 1862 come
671 1847 732 1871 cap.
752 1840 763 1864 1
785 1841 813 1863 in
834 1841 874 1870 M,
893 1848 907 1864 e
935 1842 1084 1865 intitolato
1110 1841 1187 1865 “Co-

301 1879 469 1904 “mendatio
489 1881 674 1913 Scripturae„
701 1882 731 1905 in
761 1883 783 1906 C
805 1884 836 1907 ed
865 1885 892 1907 in
914 1885 953 1911 M.
979 1883 992 1908 ὲ
1013 1891 1068 1908 una
1094 1886 1185 1916 specie

299 1921 539 1952 d’introduzione,
565 1923 745 1948 contenendo
769 1932 830 1948 esso
857 1925 973 1955 l’elogio
999 1927 1073 1950 della
1097 1929 1185 1951 storia

299 1963 460 1994 “magistra
481 1965 558 1988 vitae
569 1981 590 1994 η.
628 1965 651 1988 11
672 1966 786 1989 ricordo
806 1966 880 1997 degli
901 1969 1097 1992 avvenimenti
1125 1976 1184 2000 pas-

299 2006 352 2028 sati
373 2004 387 2029 ὲ
408 2006 595 2030 incitamento
615 2014 630 2030 a
651 2005 698 2038 piu
719 2007 790 2031 belle
811 2010 929 2039 imprese
949 2010 980 2033 ed
1008 2017 1023 2033 a
1044 2012 1186 2041 magnani-

299 2048 337 2070 mi
357 2048 441 2078 fatti3
461 2049 497 2080 gli
518 2049 629 2072 uomini
650 2057 720 2073 sono
740 2052 828 2082 spinti
850 2051 884 2074 ad
901 2053 1012 2076 imitare
1030 2060 1043 2075 e
1064 2053 1098 2076 ad
1112 2060 1186 2076 emu—

299 2090 356 2113 lare
376 2090 400 2113 le
421 2091 515 2114 azioni
535 2092 583 2115 che
604 2093 715 2116 vedono
735 2093 900 2124 glorificate,
922 2095 942 2117 il
964 2095 1012 2117 che
1034 2095 1186 2125 impedisce

299 2131 361 2155 loro
382 2132 408 2155 di
431 2134 527 2156 vivere
550 2134 727 2157 “bestiarum
754 2143 829 2159 more
842 2154 864 2164 ,,,
891 2136 1110 2160 soddisfacendo
1132 2138 1185 2161 sol·

300 2175 379 2197 tanto
400 2175 425 2197 ai
446 2174 559 2205 bisogni
589 2177 740 2204 materiali,
766 2184 846 2200 senza
873 2185 922 2200 uso
949 2178 978 2202 di
1004 2179 1130 2209 ragione,
1157 2179 1185 2202 di

299 2215 372 2246 leggi
394 2224 409 2238 ο
431 2216 457 2239 di
480 2218 609 2246 costumi,
628 2219 757 2242 costr-etti
780 2219 899 2242 ideboli
914 2227 929 2242 a
950 2222 1116 2252 sopportare
1141 2228 1185 2244 su-

299 2258 461 2287 pinamentc
476 2258 501 2282 la
517 2257 634 2282 volonta
649 2259 691 2283 dei
714 2262 834 2291 potenti,
849 2270 861 2283 e
876 2262 987 2285 avvolti
1003 2264 1029 2285 in
1046 2270 1100 2286 una
1116 2264 1186 2287 serie

300 2298 448 2322 indefinita
469 2299 498 2323 di
518 2302 617 2330 errori,
638 2302 684 2324 dai
704 2302 779 2332 quali
809 2304 861 2326 mai
890 2301 939 2334 piu
966 2305 986 2327 si
1018 2305 1184 2336 potrebbero

299 2340 454 2364 districare.
492 2342 530 2365 La
550 2343 639 2366 storia
660 2345 791 2374 portanto
811 2344 899 2368 esalta
918 2345 926 2368 i
947 2345 1086 2369 buoniei
1107 2347 1185 2369 valo-

300 2383 364 2410 rosi‚
384 2382 504 2406 blasima
526 2384 532 2406 i
555 2384 676 2415 malvagi
697 2392 711 2407 e
732 2386 738 2408 i
767 2386 954 2417 pusillanimi,
981 2388 1130 2411 incitando
1149 2388 1183 2411 ad

299 2425 411 2447 imitare
431 2424 574 2456 l'esempio
594 2426 669 2457 degli
690 2427 740 2450 uni
760 2427 793 2450 ed
820 2435 833 2451 a
861 2429 969 2459 suggire
994 2429 1089 2460 quello
1109 2430 1184 2461 degli

298 2465 375 2489 altri.
411 2466 439 2489 Si
462 2467 612 2490 ricordano
632 2468 689 2498 qui¹
719 2469 855 2499 alquanto
882 2470 938 2493 alla
965 2471 1083 2502 rinsusa,
1105 2472 1183 2495 Ales-

299 2508 401 2531 sandro
428 2508 447 2531 il
475 2508 598 2537 Grande,
627 2509 721 2533 Giuda
748 2511 903 2540 Maecabeo,
933 2513 1184 2543 Nabucodonosor,

298 2548 443 2577 oloferne.
460 2551 466 2573 i
489 2550 608 2574 Troiani
628 2559 641 2574 e
662 2552 670 2575 i
692 2552 879 2584 Cartagincsi,
898 2554 999 2578 Cesare
1013 2563 1026 2578 e
1040 2556 1184 2587 Scipione,

298 2590 473 2622 Vespasiano
493 2600 506 2615 e
525 2593 604 2622 Tito,
624 2594 699 2625 quali
722 2602 776 2618 con
803 2603 900 2625 onore,
926 2597 1002 2627 quali
1030 2605 1081 2621 con
1110 2599 1183 2621 vitu-

298 2635 384 2664 perio.
422 2634 679 2664 Insenslbilmente‚
699 2643 753 2660 con
775 2644 811 2660 un
838 2645 970 2669 processo
998 2647 1053 2662 non
1080 2641 1183 2671 troppo

297 2675 400 2706 logico,
422 2675 506 2700 Bone.
529 2684 609 2708 passa
630 2679 677 2708 poi
699 2679 776 2710 dagli
797 2681 900 2711 esempi
927 2680 972 2704 del
1000 2681 1064 2704 fatti
1087 2682 1183 2705 storici

298 2716 325 2739 ai
346 2719 519 2741 monumenti
541 2720 621 2742 eretti
644 2726 691 2750 per
712 2720 874 2751 ricordarli,
894 2730 970 2745 come
995 2723 1034 2754 gli
1057 2724 1133 2747 archi
1154 2724 1183 2747 dl

297 2757 365 2781 Tito
385 2766 398 2782 e
418 2759 445 2782 di
462 2758 634 2784 Costantino
647 2768 661 2784 e
675 2761 702 2784 la
717 2762 851 2786 Colonna
865 2763 1000 2788 Traiana.
1037 2764 1101 2795 Egli
1116 2766 1183 2789 vuol

299 2801 421 2824 tuttavia
451 2801 620 2825 dimostrare
644 2803 702 2831 che,
729 2805 833 2836 meglio
859 2805 907 2828 che
933 2813 986 2829 con
1014 2807 1040 2830 la
1066 2808 1184 2839 pittura,

297 2848 375 2864 come
394 2842 403 2865 i
424 2840 516 2871 Greci,
536 2851 550 2866 e
569 2851 620 2866 con
642 2844 668 2867 la
688 2845 823 2875 scultura,
850 2853 928 2870 come
955 2847 963 2870 i
990 2846 1109 2871 Romani
1135 2848 1184 2878 (cf.

297 2883 322 2906 le
342 2885 407 2907 note
428 2885 453 2907 ai
474 2885 548 2916 passi
569 2886 705 2917 relativi),
727 2887 747 2910 11
768 2889 882 2912 ricordo
902 2888 945 2912 del
967 2892 1080 2920 passato
1100 2889 1113 2914 ὲ
1139 2898 1183 2914 cu-

297 2925 405 2949 stodito
425 2927 470 2950 nei
492 2927 568 2958 libri,
589 2935 666 2952 come
688 2929 759 2952 nella
781 2930 890 2960 Blbbia,
910 2939 922 2954 e
950 2932 1023 2955 nelle
1049 2939 1131 2964 opere
1153 2933 1182 2957 di

1240 1842 1382 1876 Giuseppe
1402 1843 1504 1868 Flavio
1525 1851 1538 1867 e
1566 1843 1664 1867 disan
1695 1843 1855 1872 Girolamo.
1885 1844 1934 1867 che
1963 1845 2125 1867 trattaronn

1240 1885 1313 1908 delle
1333 1886 1449 1909 vicende
1468 1893 1569 1910 umane
1588 1886 1622 1909 da
1641 1886 1752 1909 Adamo
1767 1893 1780 1909 a
1801 1885 1875 1909 Gesh
1889 1884 1996 1915 cristo,
2016 1893 2029 1909 e
2049 1887 2125 1917 prin-

1239 1928 1408 1958 cipalmente
1427 1927 1499 1951 delle
1521 1927 1637 1951 vieende
1664 1927 1707 1951 del
1735 1928 1842 1959 popolo
1868 1928 1988 1951 ebraiCO.
2025 1926 2125 1951 Percio

1239 1970 1327 1993 anche
1348 1970 1430 1994 Bone.
1451 1970 1531 1993 crede
1551 1970 1630 2000 utile,
1650 1977 1664 1993 a
1684 1970 1820 1993 conforto
1839 1970 1869 1993 di
1889 1967 1957 1993 citta
1982 1970 2122 1993 assediate

1239 2011 1273 2035 da
1293 2019 1321 2034 re
1341 2019 1357 2034 o
1377 2011 1412 2035 da
1432 2012 1565 2042 principi,
1587 2011 1707 2035 addnrre
1727 2011 1872 2043 l'esempio
1892 2011 1919 2034 di
1941 2013 2070 2041 Ancona,
2082 2019 2123 2035 as-

1240 2054 1347 2077 sediata
1368 2053 1412 2077 dal
1433 2054 1609 2077 Cancelliere
1629 2053 1672 2077 del
1694 2054 1860 2077 Barbarossa
1881 2061 1894 2076 e
1909 2054 1952 2077 dai
1970 2054 2123 2077 Veneziani

1238 2101 1252 2117 e
1272 2095 1391 2118 liberata
1410 2095 1571 2119 finalmente
1585 2093 1837 2128 [dall‘imperatore
1851 2094 2006 2125 d’Oriente,
2020 2102 2098 2119 come
2111 2093 2125 2119 ὲ

1240 2139 1377 2168 aggiunto
1398 2137 1427 2160 in
1451 2138 1473 2160 C
1490 2138 1522 2160 ed
1544 2137 1571 2160 in
1595 2137 1640 2167 Ml
1661 2145 1708 2168 per
1728 2138 1755 2161 la
1782 2145 1830 2160 sua
1857 2135 1970 2168 probitz't
1996 2145 2009 2160 e
2030 2145 2077 2168 per
2098 2137 2124 2160 la

1240 2186 1288 2202 sua
1307 2186 1519 2210 perseveranza.
1556 2179 1686 2203 L'autore
1706 2181 1781 2203 tiene
1800 2179 1857 2202 alla
1877 2177 1967 2203 verita
1987 2179 2062 2202 della
2075 2186 2124 2202 sua

1239 2221 1416 2249 narrazione,
1438 2221 1466 2244 in
1488 2223 1594 2251 quanto
1615 2228 1673 2245 non
1695 2221 1722 2244 vi
1748 2221 1782 2244 ha
1811 2221 1972 2244 introdotto
1995 2221 2088 2245 savoie
2107 2228 2124 2244 ο

1238 2262 1344 2285 licenze
1365 2263 1503 2293 poetiche,
1522 2269 1600 2286 come
1629 2263 1696 2286 altri
1724 2270 1814 2286 usano
1843 2270 1891 2294 per
1917 2263 2020 2287 diletto
2048 2263 2124 2294 degli

1238 2304 1354 2333 uditori,
1375 2313 1417 2328 ma
1436 2305 1470 2328 ha
1496 2307 1611 2336 esposto
1639 2305 1658 2327 il
1685 2307 1761 2328 tutto
1788 2305 1912 2329 secondo
1939 2305 1964 2328 le
1983 2305 2122 2328 relazioni

1238 2348 1323 2370 avute
1342 2348 1375 2370 da
1396 2347 1493 2370 coloro
1512 2347 1562 2370 che
1587 2347 1688 2370 ebbe-ro
1715 2349 1793 2378 parte
1819 2347 1894 2377 negli
1921 2347 2124 2371 avvenimenti.

1326 2388 1334 2403 ¹
1355 2388 1460 2415 Questa
1474 2389 1706 2412 considerazione
1720 2390 1817 2412 deriva
1831 2389 2077 2412 manifestamente
2090 2389 2124 2412 da

1237 2430 1407 2461 SALLUSTIQ
1428 2429 1533 2455 benche
1553 2438 1677 2462 espressa
1698 2432 1727 2454 in
1748 2430 1837 2454 forma
1857 2430 1992 2461 alquanto
2012 2430 2123 2454 diversa

1237 2472 1284 2502 (cf.
1306 2472 1473 2502 GALDENH,
1498 2473 1536 2497 Um
1555 2473 1664 2496 secondo
1683 2476 1749 2496 testo
1768 2479 1832 2502 ecc.,⁴
1852 2472 1910 2501 cit..
1931 2479 1956 2503 p.
1977 2471 2030 2502 61).

1325 2512 1336 2528 '⁸'
1356 2514 1399 2538 Cf.
1420 2514 1446 2537 la
1468 2515 1616 2538 medesima
1636 2515 1812 2545 espressione
1831 2522 1845 2537 a
1866 2522 1891 2544 p.
1911 2520 1953 2545 40,
1974 2514 2003 2538 ll.
2024 2512 2110 2544 25-26.

1325 2554 1335 2570 ³
1354 2556 1527 2580 Alessandro
1548 2557 1568 2580 il
1594 2555 1718 2585 Grande,
1745 2556 1889 2580 ricordato
1919 2556 2006 2579 anche
2033 2556 2063 2580 in
2084 2563 2122 2579 se-

1237 2599 1327 2628 guito,
1349 2606 1374 2629 p.
1395 2606 1435 2629 41,
1458 2599 1475 2622 1.
1496 2605 1537 2622 2ο.

1328 2638 1338 2653 ⁴
1359 2639 1403 2663 cs.
1418 2640 1539 2664 machab.
1554 2640 1573 2667 1,
1587 2647 1612 2671 3,
1631 2639 1659 2662 16
1673 2647 1732 2671 sgg.
1770 2631 1790 2663 i:
1805 2639 1831 2662 ια
1847 2639 1966 2662 vittoria
1986 2640 2013 2662 cn
2028 2639 2123 2663 Giuda

1238 2680 1387 2705 Maccabeo
1407 2684 1508 2705 contro
1529 2682 1555 2705 la
1582 2682 1782 2704 dominazione
1802 2681 1831 2704 di
1851 2681 1978 2704 Antioco
1998 2680 2036 2704 IV
2055 2680 2122 2713 Epi-

1239 2723 1303 2746 fane
1318 2731 1344 2746 re
1361 2723 1388 2746 di
1404 2724 1479 2748 Siria
1498 2722 1543 2755 (16
1558 2731 1581 2747 a.
1602 2723 1658 2753 C.):
1679 2723 1715 2746 cf.
1730 2722 1916 2753 onmmmm,
1938 2723 2071 2746 Dictionn.
2092 2723 2123 2746 de

1239 2766 1266 2788 la
1287 2766 1372 2795 Biblc,
1394 2764 1433 2788 111
1452 2764 1552 2797 (Paris,
1578 2765 1665 2796 1903),
1685 2764 1738 2788 col.
1763 2770 1838 2796 1791.

1327 2806 1338 2821 ⁵
1361 2807 1373 2819 “
1386 2809 1415 2830 in
1433 2815 1530 2838 campo
1557 2807 1708 2838 Dyrach,‚:
1728 2806 1750 2829 ll
1777 2805 1979 2838 Giangiacomi
1999 2808 2049 2837 (op.
2069 2806 2122 2836 cit„

1239 2856 1263 2880 p.
1286 2856 1344 2880 209,
1367 2857 1391 2872 n.
1412 2849 1437 2881 2)
1457 2856 1571 2873 osserva
1592 2849 1639 2872 che
1654 2849 1681 2873 la
1695 2848 1806 2872 lezione
1827 2848 1954 2872 “Duram
1968 2866 1979 2877 „
1993 2848 2021 2872 di
2047 2849 2067 2870 V
2081 2855 2123 2872 sa-

1238 2891 1320 2914 rebbe
1340 2891 1511 2922 preferiffile,
1532 2898 1610 2914 come
1630 2890 1679 2923 piu
1699 2890 1846 2914 conforme
1866 2890 1892 2913 al
1912 2892 1987 2914 testo
2000 2890 2121 2914 biblico:

1242 2934 1253 2946 ¹*
1267 2935 1295 2957 in
1316 2941 1416 2966 campo
1428 2934 1514 2962 Dura,
1528 2933 1695 2966 provinciae
1715 2933 1870 2964 Babylonis
1881 2950 1893 2962 η
1912 2932 2035 2962 (Daniel,
2049 2940 2073 2965 3.
2090 2932 2122 2964 ι).

2154 1850 2188 1874 4⁰

2152 2061 2184 2087 45

2153 2268 2185 2294 50

2151 2478 2183 2506 55

2150 2680 2184 2705 60

2150 2891 2182 2923 65
