2287 3466
162 895 234 916 Mun.¹
251 900 289 917 939

173 1048 200 1072 P,
216 1053 275 1071 ¹3²⁷)

1076 170 1459 207 BONCOMPAGNI

445 302 454 319 ¹
474 303 487 319 ⁴⁴
504 301 539 333 Si
563 301 669 343 polite
687 311 756 332 non
781 310 1002 342 peroraverO,
1026 307 1147 342 parcat
1169 301 1251 332 mihi
1276 302 1481 334 universitas
1504 308 1626 340 vestra,
1651 304 1810 345 quoniam
1834 304 1923 336 inter
1953 305 2084 337 Grecos
2115 314 2177 335 nu-

362 357 375 372 “
390 355 486 386 tritus
510 354 623 386 verbis
646 364 714 385 non
738 354 837 385 valeo
860 353 1075 396 integraliter
1098 354 1292 395 exprimere
1315 355 1432 386 latinis
1456 356 1548 397 quod
1572 355 1675 387 homo
1698 355 1844 388 interior
1866 358 2076 400 ymaginarie
2099 367 2179 399 pre-

360 407 561 448 “concepit.
606 407 716 438 Multa
739 406 908 449 siquidem
933 406 977 437 ad
1000 406 1182 438 utilitatem
1205 413 1352 439 vestram
1368 408 1499 439 referre
1523 417 1782 449 proposueram,
1805 420 1870 451 que
1893 411 2028 451 plectro
2045 419 2178 452 nequeo

360 461 373 477 “
391 459 507 501 lingue
521 459 532 476 ²
556 460 723 496 formare3
741 459 820 502 quia
836 458 917 491 dum
934 459 1030 491 vocis
1046 470 1120 491 mee
1144 459 1339 501 prolatione
1362 459 1606 492 reverberatur
1628 471 1697 498 aer,
1721 471 1788 493 vox
1817 469 1952 494 resonat
1982 462 2179 504 semiplena,

357 512 370 527 “
387 513 480 544 unde
504 521 573 543 non
598 522 735 554 possum
759 512 863 543 animi
888 511 1080 553 exprimere
1104 512 1281 550 affectum,
1305 523 1415 555 neque
1441 512 1547 550 vobis,
1571 519 1607 544 ut
1631 513 1801 552 desidero,
1833 516 2060 556 complacere.
2106 514 2179 545 Hu-
2225 512 2242 544 5

359 566 373 581 “
387 565 458 595 mili
483 575 544 596 vos
567 565 672 607 igitur
694 575 800 606 prece
824 565 977 606 deposco
999 571 1036 596 ut
1058 575 1126 597 non
1149 565 1339 607 simplicem
1364 566 1547 597 verborum
1564 565 1778 607 positionem,
1795 567 1857 599 sed
1872 568 2081 608 proferentis
2098 577 2180 599 con-

360 619 374 634 “
388 618 548 650 sideretis
571 618 748 656 affectum,
765 619 924 660 quoniam
941 629 983 649 ex
999 628 1153 650 sermone
1170 618 1317 660 simplici
1334 618 1539 650 medullatus
1556 618 1754 651 multotiens
1769 621 1960 662 percipitur
1973 621 2179 652 intellectus.

362 672 376 687 ‘⁴
390 671 464 702 Nec
487 676 539 703 est
562 671 750 703 curandum
773 671 798 702 si
825 670 925 702 arbor
948 671 1054 702 fuerit
1077 677 1238 710 tortuosa,
1270 672 1453 703 dummodo
1482 672 1709 713 saporiferum
1743 674 1898 705 conferat
1922 674 2082 706 fructum.
2129 674 2179 705 De

360 725 374 740 “
387 723 522 766 spineto
546 723 683 766 quidem
699 734 777 755 rosa
794 723 968 766 colligitur
983 724 1004 762 (‚
1020 724 1082 756 sed
1100 724 1207 756 ulmus
1224 725 1315 756 omni
1331 730 1487 766 tempore
1503 731 1636 756 constat
1659 725 1893 765 infructuosa).
1938 727 2031 758 Inter
2047 726 2180 758 Grecos

361 778 536 818 “namque
560 777 664 808 habet
688 777 917 820 mandragora
940 777 1042 814 vires,
1066 777 1126 808 sed
1149 778 1242 819 apud
1273 778 1436 819 quosdam
1460 777 1602 809 Latinos
1626 777 1693 809 mel
1717 783 1769 809 est
1800 788 1931 810 veneno
1962 780 2178 821 permixtum.
2207 780 2244 810 10

364 831 378 846 ‘⁴
393 829 497 861 Greci
521 829 644 861 barbas
661 829 832 866 deferunt,
855 836 892 860 ut
915 840 951 860 se
974 829 1066 861 viros
1089 841 1163 861 esse
1188 831 1412 868 meminerint,
1438 831 1550 862 Latini
1574 841 1652 862 suas
1675 830 1855 869 abradunt,
1879 838 1916 864 ut
1932 832 2114 874 quamdam
2130 842 2181 863 as-

361 884 374 899 ¹‘
388 888 520 914 sumant
536 883 689 924 speciem
706 882 886 914 iuventutis
899 881 921 914 ³.
967 882 1109 914 Abrasis
1130 883 1271 922 barbis,'
1290 884 1491 916 iuvenantur
1516 883 1663 925 plurimi.
1710 884 1850 916 Utinam
1872 891 2028 917 senectus
2051 885 2086 916 in
2109 896 2180 917 mo-

359 937 372 952 “
386 935 480 967 ribus
504 935 687 967 consistatl
734 934 794 966 Set
808 945 950 978 grecum
968 945 1035 966 non
1052 935 1136 967 facit
1151 935 1260 968 barba
1283 936 1402 974 virum,
1427 946 1538 978 neque
1555 936 1694 968 latinum
1713 937 1845 969 abrasio
1863 938 2063 969 naturaliter
2085 939 2179 970 iuve-

361 991 375 1005 “
389 988 474 1020 nari.
521 988 681 1020 Recessit
704 994 804 1027 estaS,
827 995 860 1020 et
884 988 918 1019 in
942 988 1009 1020 fine
1033 989 1218 1021 consistitis
1235 990 1413 1031 attumpni.
1460 990 1591 1031 Yemps
1607 989 1712 1029 venit,
1727 995 1761 1021 et
1777 990 1926 1022 tonitrua
1944 1001 2179 1032 comparuere.

360 1044 374 1059 ¹⁴
388 1041 527 1074 Cadunt
550 1040 743 1083 gran'dines
767 1046 801 1072 et
824 1047 1053 1083 tempestates,
1078 1052 1161 1084 quas
1183 1052 1243 1074 vos
1266 1043 1386 1074 timere
1411 1053 1480 1075 non
1503 1049 1650 1084 oportet,
1675 1044 1833 1085 quoniam
1859 1043 1939 1075 estis
1954 1044 1989 1075 in
2013 1043 2180 1083 domibus,
2209 1044 2245 1076 15

361 1096 472 1137 “quas
502 1101 617 1136 patres
639 1095 742 1126 vestri
765 1094 953 1136 antiquitus
983 1100 1216 1127 construxere.
1262 1095 1324 1128 Set
1354 1096 1438 1128 licet
1462 1096 1588 1127 latrent
1619 1106 1724 1128 canes
1747 1096 1791 1128 ad
1820 1096 1932 1127 lunam
1945 1096 1968 1135 ⁴,
1991 1097 2106 1129 adhuc
2131 1103 2183 1129 est

358 1146 485 1179 “leena
507 1147 542 1178 in
559 1147 706 1189 angulo3
731 1152 765 1178 et
788 1147 817 1178 si
840 1147 904 1178 viri
928 1157 1002 1179 esse
1034 1147 1220 1185 volueritis,
1243 1148 1368 1189 privati
1392 1148 1580 1190 oppinione
1604 1149 1780 1180 recedent.
1827 1148 1919 1181 Vasa
1942 1149 2036 1191 figuli
2058 1150 2181 1191 probat

360 1202 373 1217 ‘⁴
387 1201 522 1238 fornax,
547 1206 582 1232 et
604 1200 695 1232 viros
719 1199 846 1242 probos
869 1200 1077 1232 immensitas
1101 1200 1370 1232 tribulationum.
1416 1201 1546 1232 Aurum
1564 1207 1745 1244 purgatum
1762 1201 1900 1243 ponitur
1915 1201 1950 1232 in
1975 1203 2123 1240 coronis,
2147 1209 2181 1235 et

361 1255 374 1270 “
388 1253 468 1285 dum
491 1253 687 1295 resplendet
709 1253 742 1284 in
768 1253 928 1295 clippeis,
950 1253 1060 1285 facies
1084 1254 1243 1290 exilarat;
1260 1260 1311 1286 set
1327 1255 1545 1298 eruginosum
1564 1255 1716 1287 creditur
1733 1265 1806 1286 esse
1824 1255 1958 1287 falsum.
2004 1255 2183 1288 Venerunt

446 1387 467 1404 1.
488 1379 610 1403 Graecos
631 1381 667 1403 M
682 1394 712 1396 —
736 1386 785 1403 1-2.
806 1381 946 1403 enutritus
969 1381 990 1403 C
1003 1381 1036 1403 ed
1049 1381 1085 1403 Ji!
1099 1394 1130 1397 —
1151 1387 1175 1404 2.
1187 1381 1352 1412 ymaginare
1374 1382 1408 1410 C3
1429 1381 1585 1412 imaginare
1606 1382 1641 1404 M
1656 1394 1687 1397 —-
1708 1387 1762 1411 2-3.
1781 1381 1979 1413 praeconcepit
1999 1383 2074 1405 ΛΙ-
2091 1389 2115 1413 3.
2129 1382 2180 1406 res·

356 1422 412 1446 fere
434 1423 456 1446 C
474 1435 484 1439 -
500 1422 619 1453 plectro]
641 1422 723 1453 plena
750 1421 775 1444 V
789 1435 819 1438 —
840 1429 863 1452 4.
884 1421 983 1453 lingua
1012 1422 1042 1451 1'3
1062 1422 1176 1452 linguae
1196 1423 1232 1445 M
1245 1436 1253 1439 -
1267 1430 1341 1446 meae
1355 1424 1432 1447 Ill—-
1448 1429 1470 1453 5.
1484 1423 1629 1447 descidero
1646 1423 1668 1445 C
1680 1437 1711 1440 —
1726 1422 1748 1446 6.
1763 1423 1851 1454 igitur
1865 1430 1916 1446 vos
1931 1424 1987 1446 M-
2002 1423 2140 1455 simplicis
2160 1424 2184 1449 G

358 1479 388 1482 —
403 1463 457 1494 6-7.
471 1465 673 1488 conscideretis
689 1465 755 1488 0—
771 1463 824 1494 7-8.
840 1464 1011 1488 intellectus.
1048 1464 1102 1487 Nec
1123 1466 1164 1488 est
1183 1464 1347 1496 curandum]
1369 1465 1392 1489 C
1409 1467 1439 1489 ha
1460 1466 1486 1489 in
1507 1467 1630 1496 margine
1650 1467 1715 1495 dopo
1735 1466 1914 1489 intellectus:
1933 1468 2012 1489 extra
2033 1466 2108 1497 quod
2123 1474 2180 1490 non

357 1514 423 1534 vost.
443 1507 491 1530 sed
513 1508 555 1530 vis
576 1508 615 1530 est
635 1506 865 1538 contemplanda,
877 1506 961 1538 srase
980 1507 1023 1530 che
1044 1507 1080 1529 M
1097 1508 1129 1530 lta
1149 1507 1318 1536 incorporato
1337 1509 1381 1530 nel
1398 1511 1472 1537 testo,
1491 1508 1655 1539 scr‘ogliendo
1674 1508 1898 1531 l'abbrew'azioue
1917 1512 1930 1531 ἓ
1954 1508 2130 1539 (curandum)
2153 1509 2180 1532 in

315 1556 329 1580 5
357 1550 442 1579 enim,
463 1550 554 1573 invece
572 1551 616 1573 che
636 1550 662 1572 in
681 1550 731 1577 est,
750 1557 820 1573 come
840 1549 991 1573 richiedeva
1012 1551 1092 1573 anche
1117 1551 1139 1573 il
1162 1558 1234 1573 senso
1260 1563 1293 1567 —-
1317 1556 1342 1580 9.
1367 1558 1445 1574 rossa
1467 1551 1490 1574 C
1513 1563 1523 1567 -
1549 1550 1594 1574 sed
1615 1551 1707 1574 ulmus
1726 1548 1848 1582 [hulmus
1871 1550 1903 1581 C]
2003 1551 2180 1575 infructuosa

357 1599 405 1615 om.
426 1592 452 1614 P
469 1604 479 1609 -
499 1593 612 1615 constat
631 1592 708 1614 omni
730 1593 854 1622 tempore
889 1591 910 1615 V
930 1603 940 1608 -
967 1590 1087 1615 Graecos
1118 1592 1152 1615 M
1173 1605 1203 1609 —
1231 1598 1270 1615 10.
1296 1592 1431 1623 quosdam
1457 1600 1505 1616 om.
1535 1593 1558 1616 G
1578 1606 1610 1609 —
1633 1599 1670 1616 11.
1691 1591 1790 1616 Graeci
1812 1593 1847 1616 M
1864 1605 1874 1610 -
1892 1593 2004 1616 barbam
2027 1594 2050 1617 C
2068 1594 2101 1617 ed
2118 1595 2155 1617 M
2169 1607 2180 1612 -

357 1634 496 1665 quandam
525 1635 549 1658 V
562 1646 593 1650 —
618 1640 655 1657 12.
671 1634 839 1657 iuvenentur
861 1633 923 1656 V—
941 1641 979 1665 ¹3·
994 1635 1141 1658 consistat.
1162 1634 1185 1658 C
1202 1635 1236 1657 ed
1254 1635 1290 1657 M
1304 1647 1313 1652 -
1332 1642 1446 1666 gregum
1470 1636 1503 1664 C3
1523 1642 1651 1665 graecum
1671 1636 1707 1657 ll!
1723 1648 1754 1651 ——
1776 1641 1816 1665 14.
1836 1634 1936 1658 Reccet
1958 1636 1990 1663 C;
2010 1635 2129 1659 Recedet
2150 1637 2184 1660 M

356 1688 365 1693 -
384 1678 475 1699 aestas
495 1676 532 1699 M
546 1688 556 1693 -
575 1675 696 1707 auptuni
718 1676 752 1705 C}
774 1677 901 1699 autumni
925 1676 960 1699 M
974 1688 985 1693 -
1004 1676 1093 1707 iemps
1118 1676 1143 1698 V
1157 1685 1169 1699 e
1195 1677 1230 1700 G:
1250 1676 1351 1707 Hyems
1372 1678 1404 1700 M
1424 1690 1454 1693 —
1479 1676 1516 1700 16.
1538 1678 1757 1700 construxerunt
1779 1677 1800 1701 C
1818 1678 1852 1700 ed
1870 1678 1906 1700 M
1919 1690 1927 1694 -
1947 1679 1973 1700 et
1987 1677 2053 1701 licet
2073 1677 2139 1701 Ved
2151 1679 2187 1701 M

359 1730 390 1734 —
413 1722 451 1747 17.
472 1717 561 1748 leena]
582 1718 665 1749 plena
686 1719 709 1742 C
727 1718 807 1741 edM
822 1731 832 1736 -
853 1718 1000 1741 volueritis
1020 1727 1067 1741 om.
1096 1718 1141 1741 V-
1155 1719 1294 1749 opinione
1315 1719 1380 1742 I'ed
1399 1719 1434 1742 M
1448 1731 1459 1736 -
1479 1719 1610 1742 recedant
1637 1719 1662 1747 V,
1685 1719 1707 1742 C
1724 1720 1758 1742 ed
1775 1719 1813 1742 fl!
1827 1731 1835 1735 -
1855 1718 1954 1751 finguli
1978 1719 2000 1742 C
2017 1733 2048 1735 —
2072 1719 2182 1743 18.v1r-

301 1766 332 1783 10
360 1767 405 1784 ros
426 1761 449 1786 C
465 1773 476 1778 -
496 1760 663 1784 lnmensitas
691 1761 737 1783 V-
757 1767 869 1784 aureum
898 1761 967 1783 V-.
990 1767 1028 1792 19.
1050 1760 1149 1791 clipeis
1177 1761 1211 1785 C:
1236 1761 1343 1793 clypeis
1369 1762 1405 1785 M
1424 1773 1435 1778 -
1454 1761 1586 1784 exillarat
1614 1761 1647 1790 11'3
1671 1761 1811 1785 exhilarat
1831 1762 1868 1784 M
1882 1774 1893 1779 -
1912 1760 2121 1794 rugi(n)nosum
2150 1763 2178 1792 V?

358 1803 555 1833 aeruginosum
576 1803 609 1826 M
627 1815 637 1820 -
657 1801 770 1833 falsum]
793 1803 894 1826 serrum
915 1804 951 1826 M
965 1814 976 1820 -
998 1802 1154 1826 vendex-unt
1181 1804 1205 1826 V

448 1889 455 1905 ¹
474 1891 505 1915 P.
526 1890 566 1922 36,
587 1891 605 1914 1.
628 1897 680 1922 1-p.
701 1895 742 1922 37,
762 1891 780 1914 l.
796 1896 842 1921 24:
856 1891 879 1914 Il
894 1890 989 1922 legato
1004 1891 1151 1915 bizantino
1166 1892 1245 1915 inco·
1386 1890 1396 1907 ²
1416 1892 1455 1915 La
1476 1891 1625 1915 medesima
1643 1892 1818 1924 espressione
1838 1893 1872 1916 ha
1892 1893 1980 1916 Bone.
2000 1892 2044 1915 nel
2059 1893 2102 1916 De
2116 1893 2184 1916 malo

359 1935 462 1958 mincia
483 1935 503 1958 il
524 1941 574 1957 suo
594 1935 718 1958 discorso
733 1934 899 1958 scusandosi
913 1935 939 1957 (li
957 1941 1014 1957 non
1034 1936 1116 1967 poter
1136 1935 1244 1965 parlare
1299 1933 1439 1957 senectutis
1464 1937 1490 1956 et
1513 1933 1582 1956 senii
1605 1933 1659 1964 (ed.
1688 1933 1793 1956 Novati
1825 1934 1853 1956 in
1881 1933 1991 1956 Rend.
2018 1933 2119 1956 della
2144 1933 2184 1957 R.

358 1978 387 2000 in
408 1977 505 2007 lingua
525 1977 615 2001 latina
636 1985 687 2000 con
707 1977 840 2007 eleganza
854 1984 868 2000 e
882 1984 934 2001 con
950 1978 1104 2006 chiarezza,
1117 1985 1131 2001 c
1145 1978 1171 2000 di
1189 1984 1243 2000 non
1299 1976 1377 1999 Ace.
1399 1976 1450 1999 dei
1471 1974 1509 1998 Li
1523 1976 1612 2003 ncei,
1633 1975 1667 1998 cl.
1689 1976 1715 1998 di
1737 1976 1847 1999 scieuze
1862 1975 1963 1999 morali
1978 1983 2040 2003 ecc.,
2053 1974 2183 2007 1[1892],
2212 1986 2246 2010 40

301 2020 329 2045 15
358 2019 440 2049 poter
466 2024 612 2040 nemmeno
637 2018 787 2048 esprimere
812 2018 1053 2047 compiutamente
1079 2018 1099 2041 il
1126 2018 1246 2049 proprio
1299 2025 1324 2049 p.
1346 2022 1403 2048 55³:
1423 2017 1582 2048 “plectrum
1603 2017 1718 2048 linguae
1729 2034 1753 2048 η.

358 2060 497 2091 pensiero,
519 2067 567 2091 per
586 2061 627 2082 cui
650 2060 833 2083 raecomanda
854 2059 881 2083 di
904 2060 1004 2083 badam
1030 2058 1079 2092 piu
1106 2061 1131 2084 al
1160 2062 1244 2084 senti·
1385 2058 1395 2073 ³
1415 2058 1522 2086 Qucsto
1542 2067 1631 2083 couno
1651 2059 1723 2082 sulla
1744 2060 1903 2092 presercnza
1923 2060 1968 2083 dei
1989 2058 2071 2083 Greci
2098 2067 2112 2083 e
2131 2059 2185 2083 sul-

358 2102 453 2124 mento
478 2100 526 2123 che
547 2100 602 2123 alle
621 2099 717 2131 parole
737 2100 925 2124 dcll'oratore.
964 2101 1023 2132 Egli
1046 2108 1182 2133 prosegue
1204 2102 1243 2124 in-
1298 2102 1486 2126 l’avvcrsione
1505 2101 1549 2124 dei
1572 2102 1668 2125 Latini
1688 2109 1735 2132 per
1763 2102 1788 2124 la
1813 2102 1897 2125 barba
1923 2104 2006 2125 trova
2033 2103 2184 2130 riscontro,

359 2142 425 2166 fatti
451 2150 503 2166 con
528 2143 699 2174 espressioni
720 2143 904 2167 metasoriehe
930 2151 943 2166 e
970 2150 1026 2166 non
1048 2146 1150 2175 troppo
1171 2150 1245 2167 com-
1299 2144 1373 2168 oltre
1392 2145 1441 2167 ebe
1461 2144 1489 2167 in
1511 2151 1547 2167 un
1567 2144 1642 2167 altro
1663 2151 1745 2175 passo
1766 2144 1794 2167 di
1816 2145 1903 2169 Bone.
1923 2145 2041 2175 (Palma,
2058 2144 2102 2168 ed.
2121 2144 2184 2168 Sut-

358 2185 519 2216 prensibili‚
538 2192 581 2208 ma
602 2186 631 2208 in
651 2187 780 2208 sostanza
800 2186 822 2208 si
843 2186 1012 2216 compr-ende
1032 2186 1081 2209 elie
1107 2186 1172 2209 vuol
1202 2185 1244 2208 far
1299 2189 1341 2210 ter
1360 2188 1416 2212 cit..
1437 2194 1461 2218 p.
1485 2192 1548 2211 121:
1565 2186 1576 2198 “
1589 2186 1707 2217 Propter
1721 2187 1866 2217 antiquam
1883 2186 2116 2210 consuetudinem
2131 2186 2183 2209 Ar-
2211 2193 2242 2218 45

299 2234 332 2250 20
359 2226 479 2249 rilevare
503 2234 588 2254 come,
615 2227 832 2250 avvicinandosi
861 2227 1011 2255 l‘inverno,
1031 2227 1056 2250 le
1075 2227 1242 2251 condizioni
1299 2228 1395 2252 “meni
1417 2231 1442 2251 et
1463 2228 1543 2251 Greci
1568 2230 1697 2251 nutriunt
1717 2229 1840 2251 barbam.
1879 2228 1927 2251 Vel
1948 2229 2047 2252 aliter:
2066 2228 2183 2251 Armeni

359 2268 433 2300 degli
453 2268 588 2292 assediati
614 2269 696 2292 siano
719 2276 766 2300 per
786 2269 934 2292 diventare
954 2270 1082 2300 migliori
1104 2270 1132 2292 di
1153 2269 1244 2299 quelle
1299 2268 1311 2281 ‘⁴
1324 2272 1350 2292 et
1370 2268 1451 2292 Grevi
1474 2270 1604 2292 nutriunt
1624 2270 1747 2295 barbam,
1768 2271 1798 2292 ut
1825 2271 1970 2299 graviores
1998 2271 2026 2292 in
2053 2269 2183 2293 omnibus

359 2311 433 2342 degli
459 2311 629 2341 assedianti;
650 2312 761 2335 rit-orda
789 2312 797 2335 l
818 2311 932 2335 benefici
953 2312 1002 2335 che
1022 2313 1055 2335 ha
1075 2312 1190 2342 elargiti
1212 2310 1244 2334 ed
1300 2312 1471 2335 “videantur
1484 2312 1518 2341 ,.),
1537 2312 1624 2335 anche
1651 2312 1724 2334 nella
1750 2312 1973 2335 testimonianza
1999 2312 2026 2335 di
2055 2318 2091 2334 un
2117 2318 2183 2334 con-

358 2352 480 2384 elargirh
500 2360 605 2376 ancora
625 2354 682 2385 agli
696 2354 873 2377 Anconitani
895 2355 1084 2385 l'imperatore
1103 2353 1244 2382 Manuele,
1298 2356 1488 2384 temporaneo,
1504 2354 1524 2376 il
1541 2360 1659 2377 vescovo
1674 2353 1806 2377 Eustazio
1821 2353 1848 2377 di
1870 2354 2061 2383 Tessalonica,
2079 2354 2098 2376 il
2118 2361 2182 2384 qua·

359 2393 488 2418 coslcche
509 2396 515 2417 i
531 2395 648 2419 sacrifici
665 2396 777 2419 soffcrti
792 2403 913 2419 saranno
927 2396 1099 2426 largamente
1113 2403 1243 2427 compen·
1297 2395 1330 2425 le,
1351 2402 1365 2418 a
1386 2396 1533 2427 proposito
1548 2395 1622 2418 della
1638 2397 1791 2426 conquista
1805 2395 1878 2418 della
1892 2403 1940 2418 sua
1954 2393 2023 2418 citta
2037 2402 2085 2427 per
2099 2401 2182 2427 opera
2212 2404 2244 2429 50

299 2439 330 2464 25
359 2435 423 2461 sati,
442 2442 457 2458 e
475 2435 612 2458 conclude
633 2437 786 2459 esortando
801 2443 814 2459 a
830 2437 979 2468 perdurare
995 2436 1070 2459 nella
1085 2436 1242 2466 resistenza,
1297 2437 1341 2460 dei
1362 2437 1521 2460 Normanni
1543 2437 1587 2460 nel
1611 2437 1685 2468 1185,
1707 2437 1818 2460 ricorda
1846 2445 1922 2460 come
1949 2438 1956 2460 i
1979 2437 2114 2460 vincitori
2142 2438 2183 2460 ta-

359 2477 408 2499 che
423 2484 479 2500 non
494 2475 555 2500 sarit
570 2478 660 2500 ormai
675 2477 769 2509 lunga,
784 2477 882 2510 perche
897 2478 916 2501 ll
937 2479 1040 2509 giorno
1060 2478 1133 2501 della
1155 2479 1243 2510 sospi—
1296 2479 1431 2510 gliassero
1454 2480 1477 2502 le
1494 2479 1561 2502 folle
1574 2480 1657 2503 barbe
1671 2488 1683 2502 e
1699 2480 1723 2502 le
1739 2480 1840 2510 lunghe
1854 2479 2041 2510 capigliature
2055 2486 2069 2502 a
2083 2480 2182 2510 quanti

360 2521 420 2542 rata
440 2519 613 2543 liberazione
633 2521 675 2542 sta
696 2527 743 2550 per
763 2522 906 2551 spumare.
1297 2522 1424 2552 indlgeni
1444 2523 1651 2545 incontrassero
1671 2528 1719 2553 per
1739 2521 1764 2544 le
1784 2522 1829 2544 vie
1856 2521 2033 2553 (EUSTATHH
2058 2520 2183 2544 THESSA-

446 2562 472 2584 A
492 2564 589 2592 questo
609 2562 746 2590 discorso,
766 2563 917 2586 attribuito
936 2563 971 2586 da
992 2564 1078 2588 Bone.
1098 2563 1122 2586 al
1139 2563 1243 2594 legato.
1296 2569 1370 2591 LON„
1389 2564 1429 2586 De
1457 2564 1638 2587 Thessalonica
1664 2564 1727 2586 urbe
1749 2571 1764 2586 α
1785 2563 1891 2586 Latinis
1910 2566 1997 2592 capta,
2019 2563 2049 2586 in
2070 2562 2180 2593 MlGNss,

360 2604 544 2636 corrisponde
563 2604 775 2627 loutanamente
795 2607 903 2635 quanto
923 2605 984 2628 dice
1005 2605 1104 2628 Niceta
1119 2605 1171 2634 (ed.
1185 2606 1243 2632 cit..
1299 2606 1461 2636 Patrologin
1482 2606 1597 2634 Graeca,
1620 2604 1768 2635 CXXXVI,
1796 2605 1848 2628 col.
1879 2604 1967 2636 118-9:
1993 2605 2065 2628 trad.
2093 2605 2121 2627 in
2148 2603 2182 2628 G.
2210 2610 2241 2636 55

299 2653 333 2677 30
361 2652 386 2676 p.
407 2644 472 2675 263;
493 2646 514 2668 il
535 2653 617 2678 passo
637 2645 650 2669 ‘e
671 2654 739 2677 pure
760 2647 900 2679 riportato
928 2647 1002 2670 nella
1029 2648 1132 2671 traduz.
1154 2647 1243 2670 latina
1296 2648 1401 2674 ὃΡΛΊ-Λ,
1425 2649 1440 2671 Ι
1456 2648 1581 2672 siciliani
1599 2657 1613 2671 a
1635 2648 1770 2672 Salnnicco
1790 2655 1853 2673 ecc..
1873 2647 2009 2675 Palermo,
2039 2647 2119 2679 [8913
2146 2647 2181 2670 cf.

360 2686 405 2710 dal
425 2686 576 2715 Smmcrm,
597 2691 636 2718 op.
656 2688 711 2717 cit„
730 2696 755 2720 p.
779 2686 848 2720 ¹45).
869 2689 917 2711 che
937 2687 998 2712 ςὶοὲ
1024 2690 1030 2711 i
1058 2688 1145 2720 legati
1171 2689 1242 2712 chie-
1298 2689 1459 2716 COGNAsso,
1478 2690 1581 2713 Partiti
1593 2690 1670 2719 polit.
1692 2696 1755 2718 ecc..
1774 2690 1832 2717 cit„
1852 2695 1877 2720 p.
1898 2687 1956 2719 308,
1970 2696 1984 2712 e
1998 2688 2183 2712 Gnmcmeo-

360 2736 421 2752 sero
441 2729 642 2753 all'assemblea
662 2731 833 2754 anconitana
854 2730 880 2753 di
904 2731 945 2754 far
966 2732 1064 2754 venire
1084 2731 1215 2760 rinforzi,
1230 2738 1244 2754 e
1297 2737 1341 2759 M1,
1360 2735 1399 2761 op.
1419 2732 1472 2762 cin,
1494 2739 1520 2762 p.
1541 2731 1609 2763 275).

360 2771 418 2799 che,
436 2772 551 2794 essendo
572 2773 645 2795 stata
671 2772 734 2795 loro
760 2772 877 2795 addotta
899 2772 925 2795 la
952 2779 1102 2796 mancanza
1129 2772 1172 2796 del
1199 2774 1243 2795 de·
1385 2772 1394 2788 ⁴
1413 2773 1591 2798 Similmente
1611 2773 1640 2796 in
1662 2774 1772 2796 Rhetor.
1793 2773 1890 2796 noviss.
1908 2770 1962 2804 (ed.
1982 2773 2038 2799 cit.‚
2058 2779 2084 2804 p.
2105 2771 2181 2802 282):

361 2821 429 2836 naro
450 2815 614 2843 necessario¹
635 2815 789 2845 promisero
810 2815 857 2837 elie
879 2814 1007 2838 Manuelc
1021 2814 1138 2838 avrebbe
1154 2815 1244 2838 rifuso
1300 2814 1311 2825 “
1324 2814 1498 2840 ....latrent
1518 2821 1599 2838 canes
1619 2814 1651 2837 ad
1672 2814 1776 2842 lunam,
1799 2813 1863 2836 dum
1883 2814 1961 2837 sedet
1980 2814 2074 2837 hircus
2094 2813 2123 2837 in
2139 2821 2182 2836 ca·
2209 2815 2244 2840 60

299 2859 330 2884 35

360 2857 433 2878 tutte
452 2855 477 2879 le
497 2863 574 2887 spese
593 2856 620 2879 di
641 2863 748 2887 guerra.
786 2856 807 2879 E
827 2857 855 2879 lo
875 2858 964 2880 stesso
984 2856 1069 2880 Bone.
1089 2856 1116 2879 fa
1137 2857 1197 2879 dire
1217 2857 1242 2879 al

360 2896 467 2927 legato:
490 2896 501 2909 ‘⁴
513 2897 710 2921 Recordemini
730 2898 844 2921 tandem
857 2917 862 2921 .
873 2914 880 2921 .
891 2915 897 2921 .
910 2915 915 2920 .
931 2898 1109 2929 repleblmini
1125 2898 1244 2922 divitia-

362 2938 374 2950 “
388 2946 471 2969 rum„
494 2939 532 2971 (p.
552 2944 595 2971 37,
615 2940 645 2963 11.
669 2941 768 2971 12-14).

1301 2857 1312 2868 “
1325 2856 1420 2880 thedra
1441 2859 1467 2880 et
1487 2856 1566 2880 rabbi
1586 2856 1786 2888 appellatur„;
1807 2862 1821 2878 e
1841 2856 2036 2879 nell’Amicitia
2057 2856 2110 2886 (ed.
2125 2856 2182 2883 cit..

1299 2906 1323 2929 p.
1343 2897 1403 2928 67):
1426 2899 1437 2910 ‘⁴
1450 2898 1547 2921 Latrat
1568 2898 1645 2921 canis
1665 2898 1698 2921 ad
1720 2904 1810 2928 regem
1826 2914 1850 2926 „.
