2287 3466
166 947 238 967 Mun..
254 946 292 969 058

308 1835 339 1852 10

309 2314 341 2331 20

310 2521 339 2546 ²5

311 2733 343 2759 30

310 2940 342 2965 35

1076 174 1462 209 BONCOMPAGNI

356 305 576 342 ammirabile,
601 304 760 346 omnique
784 305 1018 336 ammiratione
1044 304 1198 346 dignum,
1221 310 1393 346 repertum
1412 310 1462 336 est
1487 304 1518 335 in
1537 304 1651 347 fragili
1677 310 1709 336 et
1731 305 1849 337 mobili
1873 316 1964 338 sexu.
2010 306 2096 338 Filie
2122 306 2175 337 Ie-

357 359 514 396 rusalem,
539 367 615 389 cum
640 356 854 389 obsideretur
878 357 998 389 civitas
1021 369 1041 389 a
1063 357 1143 389 Tito
1169 363 1203 389 et
1226 357 1452 399 Vespasiano,
1475 363 1641 388 coxerunt
1657 357 1741 389 filios
1765 368 1853 395 suOS,
1877 365 1911 391 et
1934 365 2065 400 partem
2083 370 2174 391 com-

354 412 545 448 mederum,
569 417 771 452 partemque
795 416 1016 442 servaverunt
1030 410 1050 441 ¹.
1097 410 1163 442 Iste
1189 416 1300 442 autem
1323 420 1342 442 e
1365 409 1540 441 contrario
1571 416 1693 451 sponte
1717 421 1752 441 se
1783 410 1979 443 obtulerunt
2003 413 2046 444 ad
2070 413 2174 444 eden-

356 464 446 504 dum,
477 463 657 504 cupientes
687 463 776 494 viros
808 469 841 494 et
873 463 1048 495 civitatem
1080 469 1187 495 morte
1218 463 1357 504 propria
1387 462 1544 494 liberare.
1591 461 1754 495 Profecto
1784 474 1804 494 a
1827 464 1991 497 veridicis
2021 464 2175 496 intellexi

354 516 557 548 relatoribus
571 515 593 554 ²,
617 515 720 558 quod,
744 526 820 547 cum
845 516 992 558 quedam
1015 515 1134 547 mulier
1158 516 1260 547 vidua
1277 516 1362 548 duos
1373 515 1516 547 haberet
1532 515 1618 547 filios
1633 522 1667 546 et
1682 516 1815 548 videret
1830 526 1887 547 eos
1905 518 2028 549 acriter
2043 517 2175 555 bellari,

357 569 539 610 suspiravit
556 579 596 601 eo
613 569 705 610 quod
729 580 769 601 ea
787 569 844 600 die
867 568 974 600 nichil
992 569 1224 609 comederant,
1242 579 1353 610 neque
1377 568 1505 600 habere
1522 574 1657 610 poterat
1673 569 1755 610 quid
1781 569 1827 600 eis
1845 571 2030 602 conferret.
2075 570 2175 601 Tunc

359 623 494 654 domum
518 627 568 653 est
590 621 719 664 absque
742 621 906 653 dilatione
930 633 1079 657 reversa,
1105 628 1139 654 et
1162 622 1307 653 latenter
1338 622 1424 653 fecit
1447 621 1513 653 sibi
1544 632 1665 652 venam
1690 621 1814 654 sinistri
1845 622 1979 655 brachii
2009 634 2085 655 cum
2111 623 2175 654 fle-

355 674 494 707 botomo
519 675 656 716 aperiri,
681 681 715 706 et
738 674 945 706 abstractum
970 676 1169 718 sanguinem
1193 675 1286 707 coxit
1304 686 1380 706 cum
1397 674 1589 717 speciebus,
1606 675 1724 717 sicque
1741 675 1887 707 contulit
1911 676 1988 708 filiis
2011 677 2054 708 ad
2071 676 2177 707 eden-

357 728 447 760 dum.
493 727 646 760 Fuerunt
667 727 770 771 igitur
785 728 944 759 mulieres
961 728 1201 760 Anchonitane
1217 728 1416 760 imitatrices
1432 728 1548 759 matris
1570 727 1733 759 Iohannis
1757 728 1880 765 Ircani,
1903 730 1947 761 de
1964 739 2031 771 qua
2056 729 2179 771 legitur

356 781 390 811 in
414 781 534 812 Veteri
558 781 792 812 Testamento.
837 780 900 812 Illa
923 781 1065 822 quippe,
1089 781 1169 812 dum
1193 781 1331 822 captiva
1347 786 1522 812 teneretur
1539 790 1615 811 cum
1633 780 1765 812 duobus
1782 780 1858 811 filiis
1873 782 1940 812 suis
1957 792 1977 813 a
1999 781 2178 819 Tolomeo,

357 834 414 876 qui
438 834 593 866 maritum
618 833 689 864 eius
712 833 887 865 Simonem
911 840 945 865 et
968 833 1052 865 duos
1076 833 1165 865 filios
1188 833 1250 864 sub
1273 833 1466 875 proditione
1483 833 1720 870 interfecerat,
1736 833 1830 864 iussit
1854 833 1924 865 filio
1941 844 2001 865 suo
2025 835 2180 872 Iohanni,

359 886 415 928 qui
439 886 644 918 Tolomeum
666 886 776 927 ipsum
801 885 989 923 obsidebat,
1012 892 1048 918 ut
1072 897 1144 918 eam
1170 893 1204 918 et
1227 887 1350 918 fratres
1366 886 1576 918 interficeret
1592 897 1669 917 cum
1693 886 1863 923 machina,
1888 898 1930 918 ne
1953 887 2045 918 illius
2067 887 2179 919 scelus

359 939 613 981 relinqueretur
629 938 796 971 inultum.'
843 939 938 970 Illam
957 950 1102 981 namque
1119 949 1160 970 ac
1177 940 1263 971 filios
1278 940 1349 970 eius
1366 939 1552 971 Tolomeus
1567 949 1670 980 super
1686 939 1801 970 menia
1816 945 1988 980 posuerat,
2004 946 2041 972 ut
2056 940 2179 972 Iohan-

356 1002 417 1024 nes
440 992 599 1024 Yrcanus
623 1003 752 1023 murum
776 1002 844 1024 non
870 992 1043 1035 frangeret
1066 992 1211 1024 civitatis
1223 991 1245 1024 ³.

446 1045 527 1077 ⁴Ad
556 1046 621 1077 hec
653 1045 802 1077 surrexit
831 1046 1048 1087 imperatoris
1080 1045 1443 1087 constantinopolitani
1475 1045 1617 1088 legatus,
1649 1046 1705 1088 qui
1730 1046 1951 1077 Constantius
1974 1046 2176 1084 vocabatu13

360 1099 456 1131 cuius
480 1109 582 1130 causa
605 1097 786 1130 dicebatur
810 1109 882 1130 esse
906 1098 1025 1130 civitas
1049 1099 1196 1130 obsessa.
1235 1099 1432 1140 Imperabat
1454 1099 1544 1130 enim
1562 1105 1641 1130 tunc
1658 1099 1694 1129 in
1710 1098 1793 1130 urbe
1811 1099 2181 1141 constantinopolitana

360 1151 595 1183 serenissimus
617 1151 820 1189 Hemanueh
844 1151 901 1193 qui
924 1151 1059 1183 miserat
1081 1152 1181 1183 istum
1198 1151 1231 1182 in
1250 1151 1391 1188 Italiam,
1407 1158 1443 1183 ut
1460 1157 1675 1193 compararet
1690 1152 1855 1193 quasdam
1873 1151 2027 1183 civitates
2043 1158 2076 1184 et
2091 1152 2181 1183 bona

358 1205 496 1241 civium,
520 1210 554 1235 et
578 1204 705 1236 eisdem
730 1205 945 1246 postmodum
968 1214 1028 1235 suo
1051 1204 1188 1236 nomine
1213 1204 1326 1235 omnia
1349 1204 1512 1236 redderet
1535 1204 1569 1234 in
1587 1204 1728 1235 feudum
1741 1203 1761 1236 ⁵.
1808 1204 1874 1235 Hic
1890 1204 2059 1246 siquidem
2075 1204 2181 1246 pluri-

359 1269 451 1290 mum
475 1257 615 1289 timebat
639 1268 680 1288 ne
705 1257 801 1289 illum
825 1256 1061 1288 Anchonitani
1084 1258 1261 1289 traderent
1275 1257 1311 1288 in
1329 1258 1483 1289 manibus
1500 1257 1713 1295 cancellarii,
1729 1257 1891 1299 quoniam
1909 1268 1971 1299 pro
1988 1258 2061 1299 ipso
2078 1268 2182 1289 vene-

359 1316 421 1348 rat,
446 1316 479 1342 et
502 1310 597 1342 aliud
621 1321 640 1341 a
664 1310 796 1342 civibus
820 1320 888 1341 non
906 1310 1085 1352 querebat;
1112 1311 1204 1353 quod
1228 1311 1345 1342 facere
1361 1310 1495 1352 penitus
1511 1316 1697 1342 renuerunt
1709 1309 1730 1342 ⁶.
1776 1310 1878 1343 Unde
1894 1310 2181 1350 commendanda,

453 1456 472 1472 1.
493 1449 660 1472 admirabile
680 1450 811 1479 omnique
830 1448 1021 1472 admiratione
1045 1449 1070 1471 V
1084 1450 1118 1472 ed
1136 1450 1172 1472 ill
1186 1461 1196 1466 -
1218 1448 1345 1480 fragibili
1369 1451 1391 1473 C
1407 1462 1418 1466 -
1437 1449 1524 1472 Fillie
1545 1450 1578 1476 (ἒς
1600 1449 1690 1473 Filiae
1710 1450 1745 1472 ill
1762 1463 1792 1465 —
1817 1456 1866 1473 1-2.
1892 1450 2064 1473 Hierusalem
2092 1451 2128 1473 M
2148 1463 2180 1466 —

363 1498 387 1515 2.
406 1490 579 1522 Vespetiano
599 1493 743 1514 cos-serunt
763 1491 850 1514 fiilios
872 1491 895 1514 C
912 1504 942 1507 -—
964 1497 1017 1521 2-3.
1038 1491 1280 1515 commederunt..
1293 1509 1316 1515 ..
1337 1489 1529 1523 servaverunt]
1547 1499 1581 1514 ex
1601 1492 1640 1514 eis
1660 1492 1912 1516 comederunt....
1931 1494 2143 1516 reservaverunt
2162 1493 2185 1516 C

363 1535 397 1557 ed
414 1535 449 1557 M
466 1547 496 1549 —
511 1540 534 1563 3.
553 1532 605 1556 Ille
626 1534 659 1561 C;
679 1533 748 1556 Illae
767 1534 803 1555 M
817 1546 827 1550 -
846 1533 872 1564 e]
895 1534 922 1556 in
946 1534 968 1557 C
985 1534 1019 1556 ed
1037 1534 1073 1556 M
1088 1546 1097 1550 -
1118 1533 1283 1564 optulerunt
1304 1534 1326 1557 C
1344 1547 1374 1550 ω
1396 1541 1419 1564 4.
1439 1534 1553 1557 liberari
1578 1534 1601 1557 G
1621 1546 1631 1551 —
1651 1534 1799 1564 veridicis}
1822 1541 1884 1557 vere
1897 1534 2056 1557 dicentibus
2072 1535 2139 1558 Ced
2150 1535 2188 1558 M

363 1589 395 1592 ——
417 1582 440 1606 5.
458 1575 593 1606 quaedam
615 1576 649 1599 M
665 1588 675 1593 -
694 1575 780 1598 filiios
800 1573 886 1607 [filios
905 1574 949 1605 M]
970 1575 1083 1598 haberet
1106 1576 1127 1599 C
1144 1577 1178 1599 cd
1196 1576 1232 1599 M
1246 1588 1256 1593 —
1275 1575 1380 1599 bellare
1401 1577 1434 1598 M
1452 1589 1483 1592 —
1503 1575 1527 1599 6.
1548 1576 1620 1599 nibil
1636 1577 1668 1598 M
1681 1588 1691 1593 -
1706 1578 1835 1606 poterant
1853 1577 1875 1599 C
1887 1577 1920 1599 ed
1933 1577 1987 1599 M-
2001 1576 2146 1600 confferret
2163 1577 2185 1600 C

368 1631 397 1634 —
420 1623 443 1647 7.
464 1618 616 1641 dillatione
639 1619 661 1641 C
679 1631 686 1635 -
708 1618 828 1641 latenter
847 1626 894 1641 om.
916 1618 939 1642 C
957 1618 990 1640 ed
1008 1618 1043 1640 M
1058 1630 1066 1634 -
1088 1618 1233 1641 sinistram
1256 1617 1277 1639 C
1296 1618 1329 1641 ed
1349 1618 1380 1641 M
1398 1631 1429 1635 --
1451 1617 1498 1650 7-S.
1519 1617 1659 1641 flebotano
1680 1619 1707 1641 P
1724 1626 1736 1641 e
1759 1618 1781 1641 C
1799 1631 1830 1634 —
1850 1618 1874 1641 8.
1894 1620 1920 1642 et
1939 1616 2122 1650 abstractum]
2135 1618 2181 1641 ab—

364 1662 552 1691 stractumque
574 1661 597 1683 C
614 1660 647 1683 ed
664 1660 701 1683 M
715 1673 723 1676 -
744 1660 832 1683 cot-sit
854 1660 877 1683 C
895 1672 901 1676 -
924 1659 1059 1683 contullit
1079 1660 1102 1683 C
1120 1673 1150 1676 —
1177 1667 1201 1691 9.
1220 1660 1419 1684 Anconitanae
1439 1661 1475 1683 M
1496 1673 1505 1677 -
1532 1661 1712 1683 imittatrices
1735 1659 1757 1682 C
1774 1673 1781 1677 -
1798 1660 1936 1691 Johannis
1960 1660 2078 1684 Hircani
2097 1661 2133 1684 M
2149 1674 2179 1677 —

367 1708 405 1726 10.
424 1702 576 1725 Tollomeo
598 1702 632 1730 C}
652 1701 814 1725 Ptolemaeo
834 1703 870 1725 M
886 1715 917 1718 —
941 1709 978 1725 11.
998 1701 1161 1732 Symeonem
1184 1702 1207 1726 C
1223 1703 1256 1725 ed
1274 1703 1310 1725 il!
1325 1715 1334 1718 -
1353 1702 1439 1725 fiilios
1459 1703 1508 1726 sub
1527 1702 1710 1733 prodiatione
1730 1703 1753 1727 C
1770 1715 1780 1719 -
1799 1702 1872 1725 fillio
1893 1703 1915 1726 C
1933 1715 1942 1720 —
1955 1703 2080 1734 Johanni
2099 1703 2137 1726 M
2151 1715 2183 1719 -—-

367 1751 407 1769 12.
427 1743 612 1767 Tholomeum
635 1745 668 1773 C3
688 1744 878 1767 Ptolemaeum
900 1745 935 1767 M
951 1757 959 1761 -
980 1744 1123 1768 obsiderat
1145 1745 1178 1773 C3
1199 1744 1345 1767 obsederat
1365 1745 1401 1767 M
1417 1757 1425 1761 -
1446 1744 1545 1767 scellus
1567 1745 1589 1767 C
1607 1757 1638 1760 —
1662 1751 1746 1775 13-14.
1760 1745 1892 1768 inultum.
1926 1743 2182 1777 Tholemeus1Pto-

365 1787 485 1810 lemaeus
506 1784 548 1818 M]
568 1787 642 1809 enim
663 1794 732 1814 eam,
753 1787 779 1809 et
798 1785 872 1809 filios
892 1787 952 1809 eius
973 1794 1053 1817 super
1073 1787 1166 1810 menia
1186 1785 1311 1817 [moenia
1332 1786 1376 1816 M]
1396 1789 1533 1818 posuerat,
1554 1789 1584 1810 ut
1599 1786 1741 1817 Johannes
1760 1787 1898 1810 Hircanus
1919 1794 2011 1810 muros
2028 1788 2095 1811 Ced
2108 1788 2142 1810 M
2151 1799 2184 1804 —<

370 1835 408 1859 14.
427 1829 505 1858 Dopo
525 1829 652 1851 civitatis
671 1836 752 1859 segue
772 1828 797 1851 ιίι
818 1829 862 1851 M:
883 1828 951 1859 Cap.
972 1827 1032 1852 XII.
1068 1829 1110 1851 De
1130 1828 1235 1859 Legat«)
1255 1828 1436 1860 Imperatoris
1456 1828 1775 1860 constantinopolitani
1797 1827 1894 1861 [questo
1914 1829 1988 1853 titolo
2008 1837 2098 1853 manca
2113 1829 2139 1852 in
2156 1828 2182 1857 C.

366 1871 409 1894 che
427 1878 489 1894 recta
509 1870 600 1894 iuvere
619 1871 643 1893 lo
662 1870 752 1900 spazio
773 1871 888 1893 relativa
909 1870 934 1893 iu
954 1868 1055 1901 bianco]
1075 1883 1105 1886 —
1130 1877 1168 1902 15.
1188 1871 1294 1894 surexit
1315 1871 1338 1895 C
1355 1883 1364 1888 -
1385 1870 1594 1894 Constantinus
1616 1872 1638 1894 C
1655 1871 1689 1894 ed
1706 1871 1742 1894 M
1758 1885 1788 1888 —
1813 1870 1850 1894 16.
1871 1878 1928 1894 esse
1953 1880 2001 1895 om.
2029 1872 2056 1901 C,
2077 1872 2113 1894 M
2129 1880 2142 1894 e
2165 1871 2189 1894 G

367 1925 375 1930 -
396 1914 498 1936 civitas
517 1920 566 1938 om.
587 1913 610 1937 C
628 1926 635 1929 —
655 1913 730 1936 enim
750 1920 797 1936 om.
819 1914 842 1936 C
859 1913 892 1935 ed
910 1913 946 1935 M
962 1926 992 1929 -
1016 1918 1054 1943 17.
1074 1912 1209 1936 Emanuel
1232 1914 1265 1943 C3
1285 1913 1448 1936 Emmanuel
1468 1914 1522 1936 M-
1537 1914 1665 1936 misserat
1687 1914 1729 1936 C·
1743 1913 1869 1937 Ytaliam
1891 1914 1956 1938 c—
1973 1914 2012 1937 18.
2027 1916 2053 1937 et
2067 1912 2184 1945 eisdem]

366 1957 392 1978 et
412 1964 460 1979 om.
482 1956 504 1979 C
521 1956 554 1978 ed
571 1955 603 1978 M
623 1968 631 1972 -
652 1954 790 1978 redideret
813 1955 846 1979 C:
867 1955 1002 1985 redigeret
1024 1955 1060 1978 M
1075 1969 1105 1971 —
1127 1961 1167 1979 20.
1188 1956 1336 1986 quaerebat
1356 1956 1393 1978 M
1406 1968 1416 1973 -
1436 1955 1599 1986 renuerunt}
1621 1957 1782 1979 recusarunt
1803 1956 1869 1980 Ced
1883 1956 1934 1978 Δ11-
1950 1955 2140 1979 comendanda
2161 1956 2188 1979 Ι)

456 2056 463 2072 ¹
483 2057 565 2081 Altro
585 2064 706 2080 act-enno
725 2056 887 2080 all’assedio
907 2057 935 2080 di
951 2056 1159 2081 Gerusnlcmme
1172 2059 1248 2081 sotto

367 2098 544 2130 Vespasiano
564 2107 577 2122 e
596 2099 665 2122 Tito
686 2099 731 2125 (cf.
751 2106 777 2131 p.
798 2105 821 2129 7,
841 2099 859 2122 1.
879 2107 894 2130 4
914 2107 927 2122 e
949 2107 974 2123 n.
989 2098 1026 2131 2):
1041 2101 1164 2123 secondo
1180 2100 1247 2124 Giu-

367 2147 449 2171 seppe
470 2140 571 2164 Flavio
591 2138 674 2171 (Περὶ
693 2139 851 2165 Ἰουδαικοῦ
871 2139 1011 2173 Πολέμου,
1029 2142 1073 2172 VI,
1088 2143 1115 2173 3)
1130 2149 1184 2165 una
1199 2148 1247 2164 no·

367 2183 424 2206 bile
443 2184 544 2212 donna,
566 2183 655 2206 Maria
676 2183 705 2206 di
719 2183 840 2211 Eleazar,
856 2183 962 2207 furiosa
976 2191 990 2207 e
1004 2184 1145 2214 disperata
1160 2191 1208 2215 per
1223 2183 1250 2207 la

368 2224 450 2253 farne,
469 2226 561 2248 uccise
581 2233 616 2248 un
638 2233 686 2248 suo
707 2225 858 2256 figlioletto
878 2232 891 2248 e
912 2232 945 2248 ne
965 2225 1079 2257 mangi&
1094 2233 1147 2249 una
1163 2227 1250 2257 parte,

367 2266 505 2289 serbando
525 2267 545 2290 il
567 2269 641 2289 resto
661 2267 703 2297 pel
725 2268 827 2297 giorno
846 2269 990 2298 seguente:
1012 2265 1138 2291 cosiccbe
1159 2268 1165 2290 i
1187 2267 1250 2298 capi

368 2308 441 2331 della
454 2306 525 2331 citta
540 2316 573 2331 ne
588 2309 722 2332 rimasero
737 2309 884 2332 inorriditi
906 2316 920 2332 e
939 2309 1064 2334 decisero
1084 2309 1110 2333 la
1131 2317 1189 2333 resa
1202 2310 1250 2339 (cs.

369 2350 454 2373 anche
474 2350 589 2379 DANTE,
610 2351 704 2382 Purg„
727 2351 825 2381 XXIII,
846 2350 944 2382 28-30).

455 2389 465 2406 ²
484 2391 570 2415 Bone.
591 2392 690 2415 insiste
711 2393 781 2416 sulla
802 2391 891 2416 verita
908 2393 950 2416 del
966 2400 1016 2416 suo
1031 2395 1175 2422 racconto,
1190 2393 1251 2417 son-

369 2432 435 2456 dato
455 2441 486 2456 su
505 2434 644 2457 relazioni
664 2434 692 2457 di
713 2435 860 2458 testimoni
881 2435 961 2467 degni
983 2435 1011 2458 di
1035 2436 1095 2458 sede
1114 2435 1160 2465 (cf.
1182 2443 1207 2466 p.
1228 2435 1252 2463 S,

370 2475 399 2498 ll.
423 2474 512 2505 16-17:
536 2475 584 2499 “..
596 2492 619 2500 ..
640 2477 737 2499 omnia
758 2477 914 2508 conscripsi
928 2480 1012 2508 prout
1025 2478 1057 2501 ab
1073 2477 1132 2500 illis
1146 2478 1252 2507 audivi,

372 2517 445 2548 “qui
466 2518 544 2541 rebus
564 2519 651 2549 gestis
671 2520 697 2542 et
717 2519 840 2550 negotiis
861 2520 1050 2543 interfuerunt
1063 2520 1096 2549 ,‚).

458 2556 468 2572 3
487 2558 650 2590 L’episodio
671 2559 744 2583 della
766 2560 860 2583 madre
885 2560 912 2583 di
939 2559 1086 2584 Giovauni
1112 2561 1213 2584 Ircano
1239 2569 1252 2584 e

369 2600 398 2623 di
418 2600 483 2623 altri
505 2600 575 2635 figli,
596 2603 638 2624 tra
659 2603 702 2624 cui
723 2601 748 2625 la
769 2604 856 2625 stessa
876 2605 1006 2626 consorte
1027 2603 1071 2626 ‹lel
1087 2611 1113 2626 re
1127 2603 1251 2634 d'Egitto

369 2642 508 2666 Tolomeo
528 2643 552 2666 11
572 2643 707 2675 Evergete
723 2643 852 2674 (146—116
871 2652 893 2667 a.
915 2643 957 2675 C)
971 2643 985 2668 ὲ
1005 2645 1115 2668 risen-ito
1136 2645 1169 2668 da
1185 2645 1251 2669 Giu—

370 2691 451 2716 seppe
472 2684 571 2708 Flavio
591 2682 743 2716 (Ἱουδαικὴ
764 2683 971 2717 Ἀρχαιολογία,
991 2687 1063 2714 XIII,
1089 2685 1119 2711 S:
1147 2687 1183 2710 cf.
1209 2688 1252 2711 ed.

370 2725 469 2754 Didot,
489 2733 534 2757 pp.
556 2726 644 2758 501-2)
665 2727 737 2750 all'a.
756 2734 803 2758 134
817 2729 891 2751 circa
911 2735 935 2751 a.
955 2727 986 2751 C.
1003 2729 1048 2754 (cf.
1063 2729 1149 2751 anche
1163 2728 1254 2752 GIAN-

371 2773 506 2796 (naemu,
525 2772 564 2797 op.
586 2769 638 2796 cit„
659 2776 684 2799 p.
706 2774 754 2799 271
775 2776 789 2792 e
808 2770 880 2800 421).
917 2769 957 2793 La
971 2770 1111 2794 citazione
1126 2770 1154 2793 di
1168 2771 1253 2794 Bone.

374 2810 427 2832 “in
448 2809 542 2833 Veteri
564 2810 770 2840 Testamento„
794 2818 850 2834 non
870 2809 884 2834 'e
903 2812 1003 2842 quindi
1029 2814 1126 2843 esatta,
1153 2811 1253 2844 poicli‘e

372 2851 545 2875 dell'Antico
565 2851 747 2876 Testamento
768 2860 824 2876 non
846 2853 872 2876 (a
892 2856 971 2884 parte
996 2854 1103 2885 l'opera
1129 2854 1156 2877 di
1184 2853 1253 2878 Giu-

372 2900 455 2926 seppe
474 2893 588 2923 Flavi03
615 2895 638 2917 si
665 2893 721 2926 pub
748 2895 894 2918 intendere
920 2897 1044 2919 tuttavia
1071 2897 1099 2919 in
1124 2896 1254 2927 generale

371 2941 450 2958 come
468 2936 480 2948 ¹‘
493 2936 582 2959 storia
601 2936 677 2968 degli
697 2936 777 2960 Ebrei
799 2938 896 2960 avanti
917 2936 1013 2960 Cristo
1025 2955 1048 2968 „.

1390 2055 1401 2071 ⁴
1422 2057 1450 2080 P.
1471 2064 1510 2088 34,
1532 2057 1549 2080 1.
1567 2062 1635 2088 15·p.
1652 2063 1692 2088 33,
1707 2057 1725 2080 1.
1743 2064 1786 2080 11:
1802 2057 1908 2080 Prende
1921 2058 1948 2080 la
1964 2058 2063 2089 parola
2078 2057 2189 2081 nell'as-

1303 2098 1422 2122 semblea
1442 2099 1580 2122 cittadina
1602 2099 1620 2122 il
1641 2099 1734 2130 legato
1753 2099 1901 2122 bizantino
1922 2099 2065 2123 Costanzo
2091 2106 2107 2122 ο
2133 2097 2188 2123 Co-

1303 2142 1431 2165 stantino
1451 2142 1474 2171 (⁴⁴
1487 2140 1716 2172 Kmvotowtivog„
1739 2143 1862 2166 secondo
1888 2141 2043 2169 CmNAiwo.
2067 2142 2110 2166 ed.
2130 2143 2187 2172 cit„

1303 2190 1329 2215 p.
1351 2185 1419 2213 170),
1440 2183 1572 2207 mandato
1594 2185 1621 2206 iu
1643 2184 1725 2207 Italia
1745 2192 1792 2215 per
1812 2185 1970 2214 acquistare
1989 2182 2060 2208 citta
2080 2192 2093 2207 e
2107 2186 2187 2212 terre,

1303 2226 1351 2248 che
1371 2226 1488 2249 avrebbe
1508 2228 1556 2258 poi
1579 2227 1693 2250 last-iate
1713 2233 1729 2250 a
1748 2226 1837 2250 titolo
1858 2227 1884 2250 di
1903 2227 1985 2250 feudo
2000 2226 2146 2258 imperiale
2159 2226 2187 2250 ai

1303 2268 1446 2298 primitivi
1467 2270 1630 2298 possessori.
1667 2268 1728 2300 Egli
1748 2271 1857 2292 terneva
1872 2269 1900 2292 di
1914 2275 2002 2292 essere
2015 2272 2188 2299 consegnato

1304 2317 1318 2332 a
1339 2308 1485 2333 Cristiano
1505 2311 1532 2333 ‹li
1549 2311 1695 2341 Magonza,
1712 2318 1787 2334 come
1802 2318 1817 2334 a
1831 2311 1906 2334 colui
1921 2311 1971 2334 che
1984 2318 2032 2343 per
2046 2319 2101 2334 non
2116 2310 2188 2334 altra

1305 2352 1421 2382 ragione
1440 2360 1485 2375 era
1506 2355 1610 2376 venuto
1630 2353 1664 2376 ad
1683 2353 1823 2377 assedlare
1843 2354 1974 2377 Ancona:
2001 2361 2044 2376 ma
2069 2353 2079 2376 i
2105 2353 2189 2376 citta-

1304 2394 1365 2417 dini
1385 2395 1407 2417 si
1435 2402 1520 2418 erano
1547 2395 1662 2419 rifiutati
1690 2397 1718 2418 ‹li
1744 2396 1998 2428 consegnarglielo.
2035 2395 2058 2418 Il
2085 2395 2187 2426 legato,

1305 2444 1387 2459 nomo
1414 2438 1551 2468 sapiente,
1571 2437 1719 2468 eloquente
1739 2446 1752 2461 e
1778 2438 1910 2465 discretz),
1930 2438 2066 2461 rivestiva
2093 2445 2106 2460 a
2132 2436 2190 2461 Co-

1305 2479 1495 2509 stantinopoli
1518 2479 1597 2502 l'alta
1616 2479 1729 2509 dignita
1749 2479 1777 2502 di
1797 2479 2002 2512 protosebasto,
2023 2478 2056 2502 ed
2076 2479 2104 2502 in
2134 2480 2188 2502 An-

1306 2527 1375 2543 cona
1397 2528 1482 2543 aveva
1503 2528 1582 2553 spcso
1604 2521 1692 2544 molto
1712 2521 1817 2544 denaro
1831 2528 1879 2553 per
1894 2522 1920 2544 la
1936 2521 2057 2544 salvezza
2072 2522 2188 2552 propria

1306 2569 1319 2585 e
1339 2563 1431 2592 quella
1451 2562 1524 2586 della
1545 2561 1624 2587 citta.
1663 2563 1804 2592 Levatosi,
1825 2563 1880 2594 egli
1902 2563 2012 2594 rivolge
2038 2563 2189 2586 all'assem·

1307 2604 1367 2627 blea
1389 2604 1406 2627 il
1429 2605 1521 2628 saluto
1541 2605 1571 2628 in
1592 2605 1688 2636 lingua
1708 2612 1797 2636 greca,
1816 2606 1919 2628 invoca
1939 2604 2039 2628 l'aiuto
2059 2606 2086 2628 di
2107 2605 2163 2629 Dio
2176 2612 2191 2628 e

1307 2644 1341 2669 da
1360 2647 1459 2676 quindi
1481 2647 1625 2678 principio
1646 2648 1674 2670 in
1694 2647 1786 2670 latino
1807 2647 1862 2670 alla
1882 2654 1930 2670 sua
1950 2647 2073 2678 arringa.

1394 2688 1455 2711 Con
1477 2687 1669 2719 l'espressione
1690 2688 1703 2700 ‘⁴'
1715 2689 1747 2711 ad
1761 2688 1811 2712 hec
1823 2705 1844 2717 Π,
1858 2688 1933 2720 dopo
1947 2688 1973 2711 la
1987 2689 2071 2720 lunga
2085 2688 2190 2719 digres-

1308 2730 1387 2753 sione
1408 2730 1551 2753 sull'amor
1571 2731 1664 2761 patrio
1684 2730 1756 2754 delle
1781 2730 1874 2753 donne
1900 2732 2080 2760 anconstane,
2105 2730 2190 2755 Bone.

1308 2771 1418 2795 ritorna
1439 2772 1495 2795 alla
1513 2773 1523 2784 “
1536 2773 1657 2802 contio„
1674 2774 1826 2795 accennata
1840 2771 1888 2804 piu
1903 2779 1984 2804 sopra
1998 2772 2034 2804 (p.
2047 2779 2090 2803 33,
2105 2773 2121 2796 1.
2139 2772 2189 2804 14).

1396 2813 1405 2826 ὃ
1426 2812 1721 2841 Quest’affermazIone
1740 2813 1795 2845 puo
1816 2821 1872 2837 non
1893 2814 2105 2846 eorrispondere
2119 2821 2134 2837 a
2150 2821 2191 2837 ve·

1309 2853 1373 2883 rita,
1393 2862 1436 2879 ma
1457 2857 1557 2879 attesta
1579 2857 1607 2878 in
1629 2855 1697 2887 ogni
1717 2856 1823 2879 modoi
1845 2857 1985 2887 propositi
2001 2856 2030 2880 di
2043 2855 2187 2879 Manuele:

1310 2897 1344 2920 cf.
1364 2896 1530 2927 KAP-HERR‚
1551 2900 1590 2927 op.
1611 2897 1664 2926 cia,
1688 2904 1713 2928 p.
1733 2904 1774 2928 94.

1397 2936 1408 2952 ⁶
1428 2937 1483 2965 Qui
1504 2938 1518 2963 ὲ
1538 2939 1564 2962 la
1586 2940 1701 2971 ragione
1721 2940 1878 2971 principale
1899 2940 1928 2972 (ο
1954 2939 2108 2972 pretestoP)
2134 2939 2190 2963 del-

2207 781 2244 812 10

2205 1047 2240 1077 15

2216 2236 2250 2262 40

2216 2444 2248 2470 4⁵

2217 2655 2251 2680 50

2219 2860 2250 2887 55
