2287 3466
123 503 146 523 P.
162 509 198 525 VR!
210 509 221 520 r

109 710 130 727 M
136 714 164 728 UR
178 724 181 730 ,
198 714 234 731 044

245 1933 276 1949 10

248 2141 275 2166 15

244 2421 276 2437 20

243 2626 273 2651 25

242 2837 276 2861 30

1957 157 2008 192 [A.
2029 159 2119 191 1173}

305 282 504 311 “armorum
539 279 748 318 strenuitate,
779 269 881 320 quam
911 280 1111 311 sinceritate
1142 280 1221 312 fidei
1254 280 1455 312 multimode
1486 281 1675 324 refulgetis.
1721 282 1782 313 Est
1813 283 1903 314 enim
1936 283 2057 314 ductor
2088 289 2121 314 et

308 336 321 350 “
335 331 552 374 preambulus
575 337 687 362 vester
710 332 943 374 Wilglielmus
966 331 1199 370 Marcheselli‚
1222 333 1279 374 qui
1303 334 1375 372 sola
1398 333 1610 365 liberalitatis
1634 345 1735 366 causa
1760 345 1878 367 omnes
1893 337 2123 377 possessiones

309 386 421 422 “suas,
446 385 631 415 amicorum
655 395 696 416 ac
721 385 871 417 fidelium
893 385 994 423 bona,
1019 395 1080 426 pro
1105 385 1306 417 liberatione
1331 386 1480 418 civitatis
1503 387 1733 419 anchonitane
1757 388 1893 430 pigneri
1924 388 2120 431 obligavit¹.

308 438 389 470 “Ob
412 448 513 479 quam
538 447 675 468 causam
699 438 822 479 quibus
846 449 922 469 eum
946 438 1104 469 laudibus
1127 439 1287 470 extollam
1312 439 1444 481 ignoro,
1468 439 1549 481 quia
1572 450 1640 471 non
1664 440 1786 472 sufficit
1809 441 1926 484 lingua
1942 442 2055 473 carnis
2071 442 2121 472 in-

308 491 470 522 “terioris
494 490 639 521 hominis
662 491 855 532 exprimere
879 491 1097 522 voluntatem.
1143 492 1200 523 Sic
1224 492 1314 523 enim
1339 503 1415 523 eum
1440 491 1573 523 facere'
1599 492 1757 531 decebat,
1781 494 1860 535 quia
1883 500 1963 526 tunc
1980 494 2122 526 efficitur

307 545 320 558 ‘⁶
335 543 459 584 aliquis
483 543 663 579 virtuosus,
687 543 824 584 quando
841 543 1000 574 virtutem
1017 543 1121 575 animi
1137 544 1382 585 temporalibus
1399 544 1584 586 anteponit.

307 599 319 613 “
335 596 474 638 negotio
498 595 665 627 hactenus
688 595 859 633 floruistis,
884 596 1048 628 faciendo
1073 597 1253 628 transitum
1277 608 1341 638 per
1363 597 1482 628 fauces
1507 603 1540 628 et
1564 598 1736 630 territoria
1757 598 1970 630 inimicorum
1985 598 2007 631 ².

307 648 320 664 ‘⁴
333 659 422 680 nunc
445 654 577 690 tempus
601 654 651 679 est
674 648 889 689 producendi
905 649 1056 680 fructum
1072 655 1106 680 et
1123 649 1307 681 exercendi
1323 650 1422 686 vires,
1439 650 1519 692 quia
1535 650 1675 681 materia
1692 651 1824 682 virtutis
1837 650 1942 683 adest.

1631 545 1788 576 Ceterum
1806 546 1840 577 in
1857 546 2124 588 supereminenti

2054 598 2126 631 Sed

1989 652 2123 684 Pollere

306 701 531 733 “multotiens
555 701 692 732 videtur
716 701 818 733 arbor
841 702 1025 734 frondibus
1049 708 1082 734 et
1111 703 1205 739 flore,
1236 704 1297 734 sed
1326 709 1396 735 tota
1427 702 1729 735 circum'stantium
1759 704 1901 735 intentio
1933 716 1993 746 per
2023 705 2123 736 finem

304 756 317 769 “
333 756 466 786 fructus
490 755 655 796 consequi
679 755 896 795 prestolatur.

305 809 319 823 ‘⁶
334 808 466 838 animos
488 807 654 849 pigritari.

943 755 1063 787 Omnis
1086 756 1213 797 quippe
1239 755 1360 787 dilatio
1384 756 1427 787 sit
1451 756 1582 797 procul,
1615 766 1681 798 que
1712 757 1895 788 multorum
1926 767 2008 799 sepe
2039 757 2126 788 facit

700 807 743 838 Et
767 807 917 839 induatis
942 818 1001 839 vos
1024 819 1117 839 arma
1140 819 1271 840 summo
1288 808 1450 846 diluculo,
1474 815 1510 840 ut
1534 819 1610 839 cum
1627 809 1698 841 sole
1717 810 1844 841 oriatur
1859 810 1955 842 vobis
1970 810 2124 847 victoria,

306 862 320 876 ⁴⁴
334 871 434 902 quam
459 859 652 891 strenuitati
676 866 787 891 vestre
805 861 959 900 promisit
975 859 1180 897 Alfissimus,
1197 871 1258 902 pro
1275 861 1371 892 cuius
1388 872 1501 893 amore
1518 861 1663 892 nitimini
1682 862 1946 894 anchonitanum
1962 862 2124 905 populum

307 913 492 944 “liberare
539 913 601 950 Sit,
625 923 742 955 ques0‚
766 912 864 944 vobis
887 923 964 944 mea
988 914 1161 945 exortatio
1192 914 1383 955 salutifera,
1415 921 1448 946 et
1478 915 1564 946 visio
1595 915 1824 946 formosarum
1854 916 2026 958 virginum
2058 927 2125 959 que

305 968 466 997 “mecum
489 971 566 997 sunt
588 965 790 997 iocundatio
815 965 1002 1004 fructuosa,
1026 967 1188 1008 quoniam
1220 977 1288 998 non
1319 967 1428 998 solum
1459 973 1600 1009 propter
1631 967 1806 1005 visionem,
1838 969 1899 1000 sed
1929 969 2030 1000 etiam
2061 979 2124 1011 per

306 1021 320 1036 “
333 1024 605 1050 momentaneam
630 1019 905 1050 recordationem
922 1018 1134 1050 dominarum
1152 1019 1334 1052 arbitraria
1349 1026 1600 1052 consueverunt
1614 1021 1731 1052 facere
1748 1021 1874 1053 milites
1890 1022 2125 1059 torniamenta,

307 1073 367 1104 “in
393 1072 515 1114 quibus
538 1072 583 1102 ad
607 1073 895 1113 osten(ta)tionem
919 1082 1054 1103 suarum
1085 1073 1205 1104 virium
1236 1073 1328 1104 bella
1361 1073 1597 1105 crudelissima
1627 1080 1803 1106 exercent.

1851 1073 1989 1112 Quanto
2019 1076 2128 1117 magis

308 1127 419 1167 “ergo
444 1135 512 1161 vos,
536 1125 606 1166 qui,
631 1131 772 1166 propter
797 1125 863 1156 hoc
888 1125 1029 1162 factum,
1061 1136 1188 1157 nomen
1218 1132 1423 1167 perpetuum
1454 1126 1681 1169 acquirendo,
1712 1127 1953 1169 adipiscemini
1983 1127 2127 1170 gratiam

302 1179 315 1194 ‘⁶
332 1179 579 1215 universorum,
603 1178 758 1210 laborare
782 1177 917 1210 debetis
934 1179 977 1210 ad
994 1179 1173 1210 victoriam
1189 1180 1465 1221 consequendam
1480 1179 1487 1210 l
1535 1179 1614 1211 Non
1629 1185 1750 1221 parcat
1764 1181 1866 1223 igitur
1882 1190 2001 1212 manus
2016 1186 2129 1212 vestra

304 1232 318 1247 ‘⁴
334 1230 528 1269 rebellibus,
551 1231 613 1262 sed
636 1231 740 1262 vestri
765 1241 945 1263 mucrones
968 1232 1129 1263 laventur
1152 1232 1185 1262 in
1209 1233 1375 1274 sanguine
1399 1233 1639 1271 resistentium,
1664 1233 1743 1275 quia
1766 1243 1834 1264 non
1860 1233 1963 1266 debet
1985 1233 2053 1265 illis
2075 1234 2128 1264 in-

307 1284 513 1327 “dulgentia
538 1283 703 1320 exhiberi,
728 1283 784 1325 qui
810 1294 878 1315 non
903 1285 1173 1316 recordarentur
1195 1285 1307 1321 venie,
1331 1285 1356 1316 si
1381 1291 1514 1326 tempus
1538 1285 1763 1326 occurre(re)t
1787 1285 2015 1328 delinquendi
2031 1309 2058 1328 ῃ.

389 1337 489 1369 Fecit
522 1346 670 1378 namque
703 1337 812 1368 oratio
845 1336 1016 1369 comitisse
1049 1337 1224 1369 universas
1255 1338 1397 1369 militum
1429 1339 1592 1369 cohortes
1621 1344 1783 1381 tanquam
1816 1338 1923 1370 lilium
1955 1339 2129 1372 reflorere.

300 1390 402 1422 Unde
427 1399 544 1421 omnes
567 1389 603 1420 in
627 1389 850 1421 iocunditatis
874 1395 908 1422 et
931 1389 1152 1421 exultationis
1174 1399 1279 1422 voces
1302 1390 1507 1422 unanimiter
1529 1397 1769 1432 proruperunt,
1795 1402 1870 1423 cum
1895 1391 1987 1424 tubis
2003 1397 2038 1424 et
2053 1392 2128 1424 tim-

392 1554 412 1570 1.
433 1547 582 1570 strenitate
603 1548 625 1571 C
644 1560 651 1563 -
673 1544 783 1578 ductor}
805 1547 861 1570 dux
888 1547 910 1569 (ι’
928 1561 959 1564 -
981 1553 1004 1570 2.
1024 1547 1218 1578 praeambulus
1238 1548 1274 1571 M
1290 1560 1299 1564 -
1319 1546 1505 1571 Guillielmus
1526 1548 1549 1572 C
1572 1548 1605 1571 ed
1628 1548 1665 1571 M
1686 1560 1694 1564 —
1718 1547 1899 1571 Marchesseli
1928 1549 1960 1575 C;
1987 1548 2127 1572 Marches-

302 1589 364 1612 selli
387 1590 423 1612 M
437 1601 447 1606 —
467 1589 607 1612 libertatis
629 1590 652 1612 C
670 1601 677 1605 —
698 1590 876 1619 possesiones
898 1590 920 1613 C
939 1602 970 1605 —
991 1595 1015 1619 3.
1035 1588 1076 1620 ac]
1096 1591 1123 1612 et
1145 1591 1168 1613 C
1185 1590 1218 1612 ed
1235 1590 1272 1612 M
1286 1602 1297 1607 -
1317 1590 1505 1613 anconitanae
1525 1591 1558 1613 M
1575 1602 1583 1607 ·
1599 1590 1715 1621 pignori
1733 1589 1799 1613 Ced
1810 1591 1887 1613 M—
1902 1597 1926 1620 4.
1940 1588 2014 1620 eum]
2028 1598 2090 1613 cum
2106 1591 2128 1614 C

302 1644 312 1649 -
332 1631 423 1655 suficit
447 1630 468 1653 C
485 1644 516 1648 --
538 1637 561 1661 5.
580 1631 706 1654 hominis
726 1631 872 1654 interioris
895 1631 917 1654 C
936 1632 968 1654 ed
985 1632 1020 1654 M
1038 1645 1068 1647 —
1088 1630 1113 1654 6.
1132 1629 1256 1663 quando]
1276 1639 1358 1662 quum
1378 1632 1415 1655 M
1432 1645 1441 1649 -
1467 1631 1684 1663 temporalibus]
1710 1632 1790 1655 rebus
1815 1632 1972 1656 honoribus
1996 1632 2128 1663 [honori-

303 1674 406 1704 busque
427 1671 469 1705 M]
489 1674 511 1696 C
529 1674 562 1696 ed
579 1674 616 1696 Μ
631 1685 662 1689 -—
684 1678 706 1702 7.
726 1674 840 1696 actenus
863 1673 885 1697 C
901 1685 912 1690 —
927 1672 1069 1703 faciendo]
1091 1674 1254 1696 transiendo
1277 1675 1300 1698 C
1317 1674 1351 1696 ed
1369 1675 1404 1696 M
1419 1686 1429 1691 -
1450 1673 1607 1705 territoria]
1627 1675 1657 1697 in
1679 1674 1822 1697 territoria
1846 1673 1877 1701 C;
1898 1674 2034 1697 interiora
2048 1675 2126 1698 M—

302 1724 326 1747 9,
347 1714 420 1746 tota]
440 1717 511 1738 testa
526 1714 559 1745 {?]
580 1715 603 1738 C
619 1727 626 1731 -
640 1716 854 1738 circumstantia
870 1716 904 1742 C;
920 1715 1149 1739 circumstantiae
1163 1716 1198 1738 M
1211 1728 1239 1732 —-
1264 1722 1303 1739 ιο.
1325 1716 1512 1747 praestolatur
1531 1717 1586 1740 M-
1601 1715 1718 1739 dillatio
1739 1717 1781 1741 C·
1803 1715 1851 1746 sit]
1871 1715 1901 1739 fit
1926 1717 1950 1740 G
1968 1729 1977 1734 -
1997 1722 2076 1747 saepe
2095 1717 2131 1740 Μ

302 1771 310 1775 -
333 1758 418 1781 saciat
439 1758 461 1781 C
479 1771 510 1774 —
535 1764 572 1780 11.
593 1757 730 1789 pigritare
756 1759 785 1784 (ι’,
809 1761 908 1780 mentre
928 1758 992 1780 tutti
1010 1758 1019 1780 ι’
1038 1759 1111 1781 codd
1131 1759 1214 1781 hanno
1233 1760 1260 1781 la
1281 1759 1420 1781 (lesinenza
1436 1759 1550 1787 passiva
1570 1771 1580 1775 -

1599 1758 1633 1781 Et
1654 1758 1780 1782 induatis
1795 1757 1856 1789 vos]
1870 1757 1999 1782 Induatis
2014 1765 2081 1782 vero
2096 1759 2131 1782 M

302 1813 313 1818 -
333 1800 472 1824 dilluculo
495 1801 516 1823 C
534 1811 547 1817 ι·
567 1799 637 1830 sole]
658 1799 723 1822 solli
747 1800 783 1827 C3
804 1800 845 1822 sol
866 1800 903 1822 M
916 1813 926 1816 -
947 1800 1028 1823 vobis
1047 1808 1094 1823 om.
1114 1801 1151 1823 M
1168 1813 1198 1816 —
1222 1806 1259 1823 1².
1276 1801 1422 1831 promissit
1438 1801 1481 1825 C·
1496 1800 1649 1830 altisimus,
1663 1802 1776 1832 propter
1790 1807 1909 1824 amorem
1926 1801 2072 1824 nectimini
2091 1802 2126 1828 C;

301 1841 474 1867 Altissimus.
495 1842 608 1873 propter
622 1848 742 1864 amorem
763 1842 894 1864 nitamini
916 1841 951 1864 ΑΙ
966 1855 997 1858 -
1022 1848 1060 1872 13.
1079 1842 1126 1865 Set
1146 1849 1244 1872 quesso
1267 1843 1299 1872 (ἐς
1319 1842 1371 1865 Sed
1392 1849 1494 1873 quaeso
1507 1843 1561 1866 ,Μ-
1577 1843 1648 1872 mea}
1663 1849 1721 1865 mea
1737 1843 1773 1865 sit
1787 1843 1842 1866 M-
1857 1843 1986 1865 exoratio
2001 1843 2025 1867 C
2037 1843 2070 1865 ecl
2080 1843 2126 1870 ΔΙ;

301 1883 463 1907 exhortatio
486 1884 510 1907 G
530 1896 540 1900 -
561 1882 759 1915 formosarum]
780 1883 984 1907 fortis-imarum
1007 1885 1040 1911 (ἐς
1064 1884 1281 1907 fortissimarum
1303 1885 1337 1908 A!
1354 1897 1385 1901 —-
1409 1891 1447 1915 14.
1467 1883 1614 1916 quoniam]
1633 1884 1698 1915 quia
1718 1885 1779 1908 M-
1800 1882 1858 1916 per]
1877 1886 1991 1916 propter
2012 1885 2035 1908 C
2052 1885 2085 1907 ed
2096 1885 2133 1907 M

305 1939 335 1943 —
359 1933 397 1957 15·
417 1927 566 1949 consuevit
587 1928 620 1953 C;
641 1928 813 1948 consuerunt
833 1927 869 1949 M
885 1939 915 1942 —
941 1925 978 1949 16.
999 1927 1221 1949 ostentationem
1243 1928 1265 1952 C
1281 1939 1292 1944 -
1313 1926 1493 1950 crudelisima
1514 1927 1536 1950 C
1554 1939 1585 1943 -—
1609 1933 1647 1958 17.
1667 1926 1718 1949 hoc
1739 1935 1786 1950 om.
1805 1926 1871 1949 Ced
1883 1927 1936 1949 M·
1951 1924 2125 1959 perpetuum]

302 1969 448 2000 proprium
469 1969 530 1992 M-
549 1967 736 1998 accquirendo
759 1969 781 1991 C
799 1980 807 1984 -
828 1967 1023 1998 adipisciminl
1044 1969 1066 1992 C
1085 1968 1118 1991 ed
1136 1968 1172 1991 M
1188 1981 1218 1984 —
1243 1968 1282 1992 18.
1303 1969 1527 1999 consequendum
1550 1970 1584 1995 C:
1605 1968 1849 1999 consequendam?
1869 1967 1905 1990 M
1920 1981 1952 1985 —
1976 1975 2013 1999 19.
2028 1969 2128 1992 rebeli-

301 2010 351 2033 bus
374 2012 417 2033 C·
433 2012 575 2033 muctones
594 2008 624 2041 [ἓΙ
648 2010 671 2034 C
688 2022 718 2026 -—
741 2016 782 2032 20.
801 2010 907 2032 exiberi
930 2010 953 2034 C
970 2022 981 2027 -
1003 2010 1163 2033 recordatur
1184 2011 1218 2037 C;
1240 2011 1424 2034 recordantur
1444 2011 1479 2033 M
1494 2023 1505 2028 -
1525 2011 1623 2033 veniae
1645 2010 1667 2032 C
1686 2011 1719 2033 ed
1737 2011 1770 2034 Μ
1787 2023 1794 2027 -
1813 2012 1955 2033 occureret
1975 2009 2014 2039 Οἵ
2034 2018 2128 2034 occur-

304 2054 373 2075 reret
395 2053 430 2075 M
450 2065 465 2069 -
494 2053 569 2081 Depo
596 2051 777 2082 delinquendi
799 2060 880 2083 segue
900 2052 926 2074 in
948 2052 970 2075 C
988 2053 1021 2075 etl
1042 2053 1085 2075 M:
1107 2051 1236 2079 Qualiter
1256 2053 1346 2082 gavisi
1371 2054 1436 2075 sunt
1458 2053 1489 2075 de
1509 2052 1640 2075 oratione
1660 2053 1789 2075 comit-lse
1809 2051 1992 2083 [Comitissae
2010 2051 2054 2083 M]
2075 2049 2130 2084 [cni

302 2095 338 2117 M
348 2098 479 2124 premette
500 2095 568 2125 Cap.
588 2092 691 2124 XXIII]
711 2106 740 2110 -
764 2101 804 2117 21.
825 2094 996 2117 Comitissae
1018 2095 1052 2117 Μ
1067 2107 1075 2111 -
1095 2096 1236 2124 tamquam
1258 2094 1293 2117 M
1310 2107 1340 2110 —
1362 2101 1402 2117 22.
1423 2101 1518 2117 omnes
1537 2102 1585 2117 am.
1607 2095 1628 2118 C
1647 2095 1679 2117 ed
1698 2095 1732 2116 M
1749 2107 1756 2111 -
1775 2094 1804 2117 in
1824 2102 1872 2117 om.
1901 2095 1946 2117 V-
1966 2101 2128 2125 prorumpe-

306 2138 370 2160 ruut
395 2135 419 2157 V
433 2149 442 2153 -
462 2134 536 2167 cum]
554 2137 580 2159 et
600 2143 660 2159 cum
685 2136 707 2158 C
724 2137 757 2159 ed
776 2136 811 2159 M
827 2148 857 2152 —
879 2142 951 2168 22-p.
972 2141 1013 2167 45.
1035 2136 1052 2160 l.
1076 2143 1094 2159 1.
1115 2144 1146 2159 ac
1167 2137 1308 2167 tympanis
1329 2137 1443 2159 choreas
1466 2137 1598 2160 facientes
1619 2137 1830 2160 amoenissimas
1849 2135 1885 2158 M

303 2253 380 2269 come
399 2245 473 2269 Pavo
493 2245 630 2275 (citando,
649 2253 664 2268 a
685 2246 819 2269 conforto
840 2245 867 2269 di
890 2246 945 2269 tale
964 2246 1080 2277 ipotesi,
1099 2246 1126 2269 la
1152 2248 1191 2269 te-

303 2287 495 2310 stimonianza
517 2287 545 2310 dl
567 2295 602 2310 un
624 2288 755 2318 biograso
777 2288 805 2310 di
820 2294 891 2319 papa
906 2288 1078 2311 Alessaudro
1100 2287 1146 2316 111,
1161 2289 1190 2310 in

303 2329 475 2357 MURATQRJ⁷
497 2331 558 2353 [ΡΗ.
583 2331 619 2352 ll.
641 2330 700 2359 ss,
720 2329 766 2358 ΠΙ,
787 2334 857 2360 472»,
879 2332 986 2353 mentre
1012 2330 1033 2353 il
1052 2330 1132 2361 figlio
1152 2331 1192 2352 vi-

304 2373 385 2395 vente
413 2370 425 2394 ὲ
452 2379 534 2395 senza
564 2372 667 2394 dubbio
698 2371 917 2399 Cavalcaconte,
944 2374 1035 2395 morto
1063 2372 1191 2395 soltanto

304 2414 347 2435 nel
373 2418 445 2443 1177.
466 2413 563 2436 Invece
584 2413 611 2436 la
633 2414 704 2436 srase
724 2414 882 2436 successiva
902 2413 928 2436 di
950 2413 1045 2443 Bonc.‚
1066 2415 1120 2436 “in
1143 2421 1191 2444 pu-

305 2454 427 2486 “pillari
457 2456 530 2478 etate
560 2455 683 2483 relicto„
709 2453 722 2478 ὲ
749 2457 837 2478 esutta
864 2456 991 2478 soltanto
1018 2455 1191 2478 rifcrendola

303 2497 431 2520 all‘auno
454 2498 481 2519 in
503 2497 548 2520 cui
569 2497 694 2520 Aldruda
717 2498 817 2520 rimase
833 2497 952 2526 vedova,
966 2504 979 2520 e
994 2496 1054 2521 (1οὸ
1068 2497 1092 2520 al
1117 2504 1190 2528 ¹¹44·

303 2537 402 2569 perche
422 2539 512 2561 allora
526 2538 734 2562 Cavalcaconte
749 2539 857 2562 doveva
872 2546 952 2562 avere
966 2547 1001 2562 un
1018 2546 1093 2562 auno
1108 2540 1189 2568 circa,

304 2583 410 2603 mentre
430 2580 591 2603 all’assedio
606 2580 753 2603 d’Ancona
774 2588 819 2604 era
832 2579 880 2611 gia
895 2582 1050 2610 trentenne,
1066 2580 1191 2605 cosicchb

304 2623 378 2645 tutto
400 2623 418 2644 il
441 2630 521 2653 passo
542 2624 674 2652 segueute
699 2622 725 2652 (⁶¹
738 2622 805 2645 licet
832 2630 899 2653 puer
925 2623 961 2645 sit
987 2625 1014 2646 et
1040 2623 1189 2654 pupillus„

304 2663 369 2693 ectu)
391 2672 448 2687 non
475 2664 660 2696 corrispoude
688 2664 743 2687 alla
771 2662 870 2691 realta,
896 2672 923 2687 se
950 2672 1006 2687 non
1034 2666 1061 2688 iu
1083 2668 1190 2695 quanto

303 2707 406 2729 attesta
427 2706 451 2729 le
472 2706 563 2729 buone
583 2705 691 2736 qualita
712 2706 755 2729 del
776 2707 906 2737 giovane,
927 2706 1017 2737 degno
1033 2714 1191 2730 successore

304 2748 347 2771 del
368 2748 461 2778 padre,
482 2756 495 2771 e
515 2748 535 2771 il
555 2756 680 2780 governo
701 2748 728 2771 di
750 2748 901 2772 Bertinoro
922 2750 1020 2772 teuuto
1041 2757 1142 2772 ancora
1157 2749 1191 2773 da

303 2789 430 2813 Aldruda
443 2792 615 2814 nonostaute
629 2789 694 2814 l'eta
710 2798 765 2814 non
778 2788 827 2821 piu
840 2790 851 2802 ‘⁴
864 2791 1005 2822 pupillare
1016 2809 1028 2821 v
1044 2791 1087 2814 del
1102 2791 1191 2823 figlio.

391 2831 399 2846 ¹
421 2831 527 2859 Questo
549 2833 576 2856 fa
596 2833 657 2856 dire
670 2833 757 2857 Bone.
771 2833 828 2856 alla
843 2835 972 2857 contessa
987 2833 1014 2856 di
1030 2834 1191 2861 Bertinoro,

305 2874 452 2903 ripetendo
473 2875 580 2904 quanto
600 2874 635 2897 ha
655 2872 702 2904 gia
722 2874 800 2898 detto
828 2875 855 2898 di
883 2873 1047 2905 Gugllelmo
1068 2875 1191 2898 Marche-

304 2914 371 2937 sella
391 2914 442 2937 ben
464 2915 535 2938 altre
556 2916 597 2938 tre
618 2915 694 2938 volte
714 2918 751 2946 (p.
774 2922 813 2947 29,
836 2915 864 2938 11.
885 2922 945 2946 3-43
966 2923 991 2947 p.
1010 2923 1053 2946 31,
1074 2916 1105 2939 ll.
1131 2915 1190 2947 6-7;

1247 2254 1272 2276 p.
1299 2252 1340 2276 μ,
1366 2246 1384 2268 1.
1411 2245 1448 2276 8).
1494 2246 1539 2269 Ma
1566 2247 1614 2269 che
1640 2247 1723 2270 abbia
1748 2247 1854 2270 dovuto
1883 2247 1939 2270 fare
1965 2246 2130 2270 altrettanto

1246 2287 1375 2311 Aldruda
1395 2296 1450 2311 non
1478 2289 1541 2311 v'lia
1566 2295 1656 2312 cenno
1682 2289 1712 2311 in
1738 2289 1832 2316 Bone„
1859 2289 1964 2312 mentre
1990 2288 2130 2312 cinnamo

1245 2330 1298 2360 (ed.
1319 2331 1375 2358 cit.y
1391 2337 1435 2360 pp.
1452 2329 1552 2361 αδδ-9),
1573 2338 1656 2354 senza
1677 2331 1758 2354 alcun
1777 2338 1902 2354 accenno
1922 2338 1937 2354 a
1957 2329 2130 2361 Guglielmo,

1245 2372 1411 2394 attribuisce
1426 2373 1459 2395 ad
1474 2372 1601 2395 Aldruda
1618 2373 1637 2395 il
1652 2373 1871 2404 pignoramento
1886 2373 1930 2396 dei
1944 2373 2041 2403 propri
2060 2372 2129 2403 figli,

1246 2421 1293 2444 per
1307 2415 1350 2437 cui
1366 2421 1426 2437 essa
1441 2416 1462 2437 si
1485 2413 1550 2445 pot'e
1571 2422 1722 2446 procurare
1742 2415 1763 2438 il
1778 2416 1882 2438 denaro
1896 2417 2060 2438 occurrente
2073 2415 2130 2438 alla

1246 2456 1424 2487 spedizione:
1442 2458 1452 2467 ¹·
1465 2454 1512 2487 Μὴ
1527 2455 1683 2481 παντάπασι
1698 2455 1728 2481 δὲ
1748 2455 1806 2486 ταῖς
1825 2458 1873 2481 τοῦ
1891 2455 2013 2489 πολέμου
2026 2455 2131 2488 χρείαις

1248 2499 1259 2510 ‘⁴
1271 2497 1407 2522 ἱκανοῦσα
1431 2496 1486 2530 ἤδη
1512 2497 1559 2523 καὶ
1581 2497 1645 2529 τοὺς
1663 2498 1764 2529 παῖδας
1782 2497 1949 2531 ἐνεχυράζει,
1968 2497 2083 2531 χρυσίον
2101 2506 2130 2524 τε

1247 2538 1258 2551 ⁶
1271 2538 1344 2564 οὕτω
1363 2539 1551 2572 κεκομισμὲνη
1566 2538 1654 2571 ἁδρόν
1665 2559 1671 2565 .
1682 2559 1689 2565 .
1701 2559 1707 2565 .
1719 2559 1724 2565 .
1736 2550 1764 2571 „z
1786 2541 1812 2564 la
1832 2541 2001 2565 confusione
2020 2541 2049 2564 di
2063 2540 2130 2564 Cin-

1247 2589 1339 2609 namo,
1359 2583 1426 2606 dato
1447 2583 1533 2606 anche
1554 2583 1698 2607 l¹accenno
1717 2590 1732 2606 a
1753 2582 1801 2614 piu
1821 2584 1848 2606 di
1871 2590 1907 2606 un
1927 2583 2013 2614 figlio,
2032 2581 2046 2606 ὲ
2070 2590 2129 2606 sen-

1246 2623 1346 2646 z'altro
1360 2624 1504 2650 evidente:
1520 2631 1532 2647 e
1553 2624 1695 2648 Cinnamo
1710 2625 1743 2647 ha
1759 2624 1858 2654 quiudi
1880 2626 1969 2648 tratto
1989 2625 2017 2647 in
2038 2631 2130 2648 errore

1246 2665 1419 2693 l’Ussmmo,
1443 2667 1460 2688 l
1480 2667 1610 2689 marchesi
1634 2667 1663 2689 di
1687 2666 1858 2697 Allotrserralo
1884 2667 1910 2689 in
1939 2667 2022 2690 ltalia
2048 2667 2081 2689 ed
2104 2666 2130 2689 in

1251 2708 1360 2730 Oriente
1379 2708 1493 2730 durante
1513 2708 1523 2730 i
1540 2708 1621 2731 secoli
1634 2709 1721 2731 Xlle
1734 2708 1822 2735 Xlll,
1836 2708 1876 2731 ed.
1892 2710 2021 2739 postuma
2034 2710 2130 2732 curata

1246 2749 1280 2772 da
1300 2747 1332 2771 C.
1358 2749 1503 2779 patrm-co,
1527 2749 1635 2779 Casale,
1654 2749 1808 2780 Miglietta,
1828 2750 1939 2773 Milauo
1959 2757 1972 2773 e
1992 2749 2033 2780 C.,
2056 2749 2128 2782 1926,

1246 2790 1267 2819 Ι,
1287 2798 1313 2821 p.
1332 2796 1392 2822 375,
1413 2793 1490 2814 nota.

1332 2833 1343 2849 2
1363 2831 1433 2856 Cioe
1454 2834 1610 2856 attraverso
1630 2833 1701 2855 terre
1720 2832 1886 2864 ghibelline,
1909 2831 2032 2865 giacche,
2053 2840 2130 2857 come

1245 2874 1280 2897 ha
1300 2871 1347 2905 gia
1369 2875 1448 2898 detto
1475 2874 1560 2898 Bone.
1586 2873 1624 2905 (p.
1652 2880 1692 2906 29.
1719 2875 1736 2898 l.
1766 2874 1816 2905 12),
1844 2875 2000 2899 “civitates
2026 2882 2130 2903 omnes,

1246 2916 1258 2927 ‘¹
1272 2917 1365 2948 preter
1384 2917 1557 2943 Ariminum,
1577 2919 1675 2941 erant.
1686 2935 1691 2940 .
1704 2934 1708 2939 .
1720 2934 1726 2940 .
1748 2917 1889 2940 contrarie
1899 2934 1921 2947 „.

2154 758 2190 787 10

2153 1021 2189 1053 15

2148 1288 2189 1318 20

2157 2337 2190 2362 35

2158 2549 2191 2574 40

2157 2754 2189 2781 45
