2287 3466
303 157 336 191 L
1043 156 1376 193 PREFAZIONE

303 290 398 325 delle
429 290 561 325 milizie
591 289 686 324 della
716 280 882 324 contessa
912 289 1061 325 durante
1090 291 1112 324 il
1142 291 1282 326 ritorno
1311 291 1355 327 da
1393 293 1551 328 Ancona
1568 291 1589 337 ¹,
1626 293 1637 327 i
1674 294 1883 340 particolari
1921 295 2117 330 dell’acco-

302 357 442 401 glienza
461 357 624 390 ricevuta
643 356 688 390 da
711 355 922 402 Gugliehno
951 367 971 389 a
992 356 1286 402 Costantinopoli
1302 355 1324 400 ²,
1344 356 1537 406 l'accenno
1558 358 1624 393 alla
1647 365 1784 394 cattura
1815 372 1834 394 e
1854 360 1922 394 alla
1941 361 2120 408 prigionia

304 423 340 457 di
370 423 549 456 cristiano
563 419 587 465 ³,
618 421 771 466 l'elogio
799 422 835 456 di
863 422 1028 468 Ugolino
1058 423 1172 458 Gosia
1201 436 1220 458 e
1249 424 1347 469 degli
1368 425 1530 459 antenati
1551 424 1586 458 di
1615 425 1663 459 lui
1677 422 1702 469 ⁴,
1722 426 1747 459 il
1766 425 1929 462 discorso
1959 427 1993 460 di
2015 428 2118 473 Ugo-

303 489 376 522 lino
391 485 402 504 ⁵
431 500 449 521 e
477 487 587 521 infine
617 486 807 523 l’accenno
826 488 894 523 alla
917 489 1098 535 prigionia
1119 489 1153 524 di
1182 490 1299 525 Paolo
1320 490 1365 524 de
1387 491 1598 535 Lamarina,
1619 491 1817 527 castellano
1846 492 1905 527 del
1937 493 2079 539 Poggio
2095 491 2117 528 ⁶.

388 553 636 597 L’Eberhax·d‚
667 554 732 588 che
762 554 805 588 ha
833 554 992 590 studiato
1013 555 1044 589 le
1073 555 1244 591 relazioni
1265 557 1423 591 correnti
1444 562 1498 591 tra
1517 558 1527 592 i
1547 557 1626 592 vari
1645 559 1871 594 manoscritti
1891 560 1950 595 del
1970 560 2081 594 Liber
2095 557 2119 604 ⁷,

300 621 345 654 ha
373 620 493 654 altresi
522 626 700 655 mostrato
728 632 835 655 come
863 622 888 655 il
916 621 1149 656 rifacimento
1177 622 1235 657 del
1261 623 1431 657 Costanzi
1458 623 1539 669 (che
1567 623 1757 658 indicherb
1785 637 1854 660 con
1874 625 1924 670 R)
1953 626 2006 660 sia
2026 631 2123 660 stato

301 689 478 721 condotto
507 692 728 722 certamente
758 699 797 721 su
835 686 899 730 V⁸,
929 688 1080 734 giacche
1111 688 1148 723 R
1176 700 1195 722 e
1233 689 1269 722 V
1289 689 1318 722 si
1342 694 1497 724 trovano
1527 690 1615 724 uniti
1636 689 1694 725 nel
1722 690 1923 726 medesimo
1942 691 2072 727 codice
2102 704 2122 726 e

300 765 363 798 per
390 752 427 786 di
455 754 516 798 piu
543 754 579 787 in
607 753 647 786 J?
674 754 866 788 ricorrono
898 753 1023 800 parole
1053 767 1072 789 e
1100 755 1185 790 frasi
1215 754 1282 789 che
1311 756 1501 791 ricorrono
1529 756 1644 791 anche
1671 757 1707 790 in
1736 756 1784 801 P,
1813 768 1872 792 ma
1900 771 1972 793 non
2000 759 2059 805 gia
2087 759 2123 793 in

2054 826 2123 859 Per

301 885 358 920 cui
386 885 457 930 egli
485 885 667 920 stabilisce
704 886 820 932 questi
856 886 1033 929 raffronti,
1072 887 1138 921 che
1175 888 1283 922 stimo
1320 894 1530 934 opportuno
1566 889 1723 933 ripetere
1762 890 1834 936 qui,
1863 889 2119 936 aggiungendo

304 818 348 863 C,
378 819 457 862 che,
486 819 601 854 anche
630 819 794 854 secondo
821 820 1050 865 l’Eberhard,
1080 823 1098 855 ὲ
1126 822 1151 855 il
1180 822 1309 856 codiee
1338 822 1404 857 che
1424 823 1575 857 sarebbe
1596 823 1732 858 servito
1753 822 1785 858 al
1805 824 1998 860 Muratori.

303 951 417 986 anche
447 951 480 985 le
510 950 641 985 lezioni
670 950 705 985 di
738 950 788 986 C:

435 1053 587 1088 PeV

300 1138 305 1143 .
318 1138 323 1143 .
336 1120 532 1150 ..composuit
551 1127 612 1143 cum
626 1119 713 1143 Vene-

300 1169 345 1197 tis,
359 1169 460 1199 qui...
472 1185 479 1192 .
494 1169 624 1198 oderunt,
640 1170 670 1192 ut
684 1169 712 1191 in

298 1218 376 1241 exitu
392 1218 494 1240 mensis
511 1217 607 1245 madii,
623 1224 715 1248 quarn-

299 1265 335 1289 do
354 1264 395 1297 [V
409 1264 534 1298 quando]
552 1266 659 1289 cibaria
675 1273 715 1289 ra-

299 1316 419 1343 rescunt,
451 1322 511 1337 cum
545 1314 664 1338 navibus
687 1316 714 1338 et

298 1363 387 1394 galeis
422 1364 534 1394 portum
573 1364 713 1387 intrarent

299 1410 544 1441 Anchonitanum,
567 1411 713 1435 civitatem

299 1468 313 1484 a
328 1460 463 1484 lateribus
484 1460 568 1484 maris
590 1460 713 1484 viriliter

299 1509 464 1538 obsidendo,
484 1511 510 1532 et
530 1509 598 1541 ipse.
612 1525 619 1532 .
629 1525 637 1534 .
649 1527 654 1532 .
669 1516 712 1532 ve-

300 1559 383 1585 niret,
397 1558 606 1589 promittens...
617 1575 623 1581 .
639 1558 714 1581 bona

299 1606 407 1629 civium
439 1613 498 1629 cum
534 1606 639 1630 eisdem
667 1614 715 1637 per

299 1654 421 1678 medium
441 1654 552 1686 partiri.

962 1054 996 1088 C

769 1135 792 1143 ..
803 1136 809 1143 .
820 1136 827 1143 .
838 1122 997 1151 composuit
1017 1128 1077 1144 cum
1097 1121 1186 1144 Vene-

767 1169 813 1196 tis,
833 1170 906 1199 qui..
919 1187 924 1192 .
936 1186 942 1192 .
963 1169 1093 1199 oderunt,
1109 1170 1136 1193 et
1156 1169 1184 1192 in

767 1216 863 1240 eodem
879 1220 1002 1248 tempore
1012 1218 1061 1241 lesi
1077 1218 1186 1241 fuerant

768 1266 795 1288 in
811 1265 911 1289 Grecia
927 1273 982 1290 non
998 1267 1138 1290 modicum
1153 1268 1187 1291 ab

766 1315 925 1343 Emanuele,
939 1315 1072 1339 videlicet
1087 1316 1117 1339 in
1128 1317 1185 1339 exi-

765 1365 795 1387 tu
816 1365 919 1387 mensis
945 1364 1042 1395 madii,
1072 1364 1185 1395 quando

764 1412 873 1436 cibaria
892 1414 1046 1442 caresmnt,
1071 1415 1183 1446 portum

765 1461 906 1484 intrarent
941 1461 1185 1490 Anchonitanum,

764 1511 791 1533 et
810 1510 879 1542 ipse.
890 1526 897 1533 .
908 1527 914 1534 .
936 1511 1053 1539 veniret,
1068 1529 1072 1534 .
1085 1529 1090 1534 .
1103 1529 1108 1534 .
1121 1517 1185 1542 pro-

765 1558 880 1582 mittens
900 1558 974 1581 bona
994 1558 1099 1582 civium
1123 1566 1184 1583 cum

764 1606 867 1630 eisdem
888 1607 997 1638 partiri.

1241 1138 1247 1145 .
1259 1140 1264 1146 .
1276 1140 1280 1144 .
1293 1141 1298 1145 .
1312 1122 1473 1153 composuit
1487 1130 1548 1146 cum
1563 1123 1655 1146 Vene-

1241 1171 1286 1198 tis,
1305 1171 1362 1201 qui.
1375 1190 1379 1194 .
1391 1187 1397 1194 .
1409 1190 1414 1194 .
1435 1171 1563 1199 oderunt,
1583 1174 1610 1195 et
1625 1173 1653 1195 in

1239 1219 1335 1243 eodem
1355 1222 1481 1248 tempore
1507 1220 1576 1244 laesi
1596 1220 1654 1244 sue-

1241 1270 1303 1292 rant
1324 1269 1351 1292 in
1376 1268 1494 1292 Graecia
1521 1276 1576 1292 non
1598 1277 1655 1292 mo-

1240 1316 1334 1340 dicum
1354 1317 1387 1340 ab
1406 1317 1599 1347 Emmanuele,
1613 1318 1654 1340 vi-

1240 1364 1343 1388 delicet
1375 1366 1404 1388 in
1440 1365 1520 1389 exitu
1551 1367 1654 1389 mensis

1240 1414 1316 1446 maij,
1342 1413 1455 1445 quando
1484 1414 1588 1438 cibaria
1612 1421 1654 1438 ca-

1240 1464 1361 1491 rescunt,
1393 1464 1505 1493 portum
1530 1463 1654 1486 intrave-

1239 1513 1305 1535 runt
1341 1511 1585 1541 Anchonitanum,
1627 1514 1655 1537 et

1240 1560 1306 1590 ipse.
1318 1576 1325 1584 .
1336 1578 1341 1583 .
1353 1577 1359 1584 .
1380 1560 1468 1588 venit,
1483 1577 1489 1584 .
1502 1579 1507 1584 .
1519 1577 1525 1584 .
1536 1561 1655 1592 promit-

1237 1609 1299 1632 tens
1319 1608 1395 1632 bona
1406 1609 1511 1632 civium
1526 1616 1588 1633 cum
1603 1610 1654 1633 eis—

1239 1657 1300 1680 dem
1321 1657 1429 1689 partiri.

1896 1059 1935 1093 R

1710 1142 1715 1147 .
1727 1142 1732 1147 .
1745 1142 1749 1147 .
1763 1142 1767 1146 .
1780 1125 1922 1155 suasitque
1946 1123 2071 1154 Venetis,
2094 1127 2125 1149 ut

1708 1174 1782 1196 circa
1803 1173 1936 1196 kalendas
1950 1173 2054 1202 iunias,
2070 1181 2124 1204 quo

1709 1223 1834 1252 tempore
1844 1221 2011 1245 frumentum
2021 1223 2047 1246 et
2059 1222 2126 1246 mul-

1708 1271 1736 1292 ta
1749 1269 1785 1292 ad
1799 1270 1905 1293 victum
1920 1271 2074 1294 necessaria
2087 1278 2125 1294 ra-

1710 1324 1814 1341 rescere
1827 1321 2044 1348 consueverunt,
2068 1319 2125 1343 An-

1709 1373 1809 1390 conam
1834 1373 1850 1390 a
1870 1369 1949 1397 parte
1969 1368 2055 1391 maris
2074 1369 2124 1392 tri-

1710 1416 1831 1439 remibus
1862 1417 1944 1446 atque
1972 1416 2125 1441 altioribus

1711 1464 1828 1488 navibus
1849 1465 2022 1493 obsiderent,
2041 1465 2125 1497 polli-

1709 1513 1781 1536 citus
1795 1513 1916 1537 mediam
1931 1521 1959 1537 se
1971 1513 2031 1538 illis
2041 1521 2125 1538 anco-

1709 1561 1824 1586 nitanae
1844 1562 1944 1593 predae
1964 1564 2071 1594 partem
2090 1563 2126 1587 li-

1709 1609 1884 1634 beralissime
1899 1617 2095 1635 concessurum
2105 1609 2123 1636 ⁹.

391 1738 474 1774 Cosi
504 1751 591 1785 pure
605 1749 613 1774 :

431 1832 583 1867 PeV
967 1835 1001 1869 C

307 1912 357 1936 vix
377 1919 425 1943 per
444 1913 510 1936 octo
536 1912 596 1935 dies
615 1912 715 1935 habue-

1426 1837 1477 1871 M

1245 1918 1293 1940 vix
1309 1924 1356 1948 per
1375 1918 1467 1940 certos
1487 1917 1546 1940 dies
1560 1917 1658 1940 habue-

1898 1838 1937 1872 R

772 1914 819 1936 vix
831 1921 878 1944 per
892 1916 982 1938 certos
996 1915 1056 1938 (lies
1070 1915 1189 1940 habuere
1712 1917 1761 1941 vix
1780 1917 1814 1940 ad
1837 1919 1902 1941 octo
1922 1917 2029 1942 dierum
2051 1918 2124 1941 suffi-

304 1963 369 1985 runt
389 1961 525 1985 victualia
545 1960 716 1985 sufficienter
772 1962 910 1986 victualia
931 1962 1087 1987 suficienter
1248 1972 1276 1988 re
1297 1965 1433 1989 victualia
1452 1965 1624 1989 sufficienter
1713 1966 1845 1990 cientiam
1868 1967 1959 1990 victus
1979 1967 2127 1990 universae

1714 2014 1827 2039 civitati
1846 2015 1994 2039 derelictus
2009 2016 2050 2038 est
2061 2013 2092 2039 ¹⁰.

392 2061 548 2095 Inoltre:

511 2152 547 2187 P
577 2164 596 2186 e
635 2153 670 2187 V
1125 2157 1158 2191 C
1183 2156 1228 2191 ed
1258 2157 1308 2191 M
1815 2159 1856 2193 R

300 2227 395 2251 Primo
415 2229 517 2257 tamen,
538 2230 567 2251 ut
587 2229 700 2257 dicitur,
722 2236 821 2253 novem
843 2231 871 2254 in
1155 2230 1271 2263 (manca)
1610 2251 1614 2256 .
1628 2240 1712 2256 unum
1735 2234 1827 2256 autem
1847 2239 1931 2256 ovum
1959 2240 2060 2256 novem
2079 2232 2124 2257 de-

300 2283 357 2299 ovo
377 2283 434 2299 uno
454 2276 561 2300 denarii
588 2277 728 2301 dabantur
1557 2282 1646 2305 nariis
1666 2283 1803 2306 emeretur
1816 2280 1845 2306 ¹¹.

391 2362 523 2396 Infine:

616 2452 660 2497 P,
698 2453 732 2487 V
755 2453 800 2489 ed
837 2454 871 2490 R
1595 2457 1629 2492 c
1655 2457 1701 2492 ed
1729 2457 1782 2491 M

302 2530 493 2561 possessiones
513 2538 574 2555 suas
1235 2536 1429 2568 obligationes
1449 2544 1511 2560 suas
1523 2534 1555 2562 ¹⁹.

392 2631 398 2646 ¹
418 2631 467 2661 Id.,
489 2640 514 2664 p.
534 2632 576 2664 46,
597 2633 626 2656 ll.
648 2640 701 2664 2-4.
1239 2644 1318 2660 verso
1339 2636 1373 2660 da
1394 2637 1487 2668 quello
1508 2637 1557 2660 che
1576 2635 1651 2660 servi
1671 2637 1698 2660 al
1719 2636 1858 2660 Muratori
1880 2636 1909 2660 su
1922 2633 1969 2668 gi&
1983 2638 2121 2660 avanzata

390 2672 401 2689 2
420 2674 468 2704 Id.,
489 2682 514 2706 p.
535 2674 577 2706 46,
597 2676 614 2699 1.
636 2681 690 2706 5—p.
711 2680 752 2707 47,
773 2677 789 2699 l.
811 2682 834 2707 5.
1239 2678 1284 2702 dal
1305 2678 1537 2708 VARRENTRAPP,
1556 2683 1596 2709 op.
1616 2679 1670 2707 cit..
1690 2686 1716 2710 p.
1740 2685 1796 2711 1¹9·

390 2714 400 2730 ³
419 2716 468 2745 Id.,
488 2725 514 2749 p.
534 2723 576 2749 47,
596 2717 625 2740 11.
646 2717 662 2740 6
681 2725 739 2749 sgg.
1323 2718 1334 2734 Β
1359 2720 1532 2752 L’opinione
1557 2721 1767 2745 dell‘Eberhard
1793 2719 1807 2744 ὲ
1833 2722 1906 2744 stata
1931 2721 2045 2744 accolta
2075 2720 2121 2745 dal

391 2757 401 2772 ⁴
422 2758 470 2786 Id.,
491 2765 516 2790 p.
536 2763 578 2788 52,
598 2758 628 2782 ll.
648 2766 718 2790 4-14.
1237 2761 1378 2790 Brun-om,
1396 2765 1436 2792 op.
1457 2763 1510 2792 cit„
1530 2769 1555 2794 p.
1576 2768 1634 2786 ²21.

389 2797 399 2813 ⁵
418 2799 468 2829 Id.,
489 2807 514 2831 p.
535 2806 575 2831 53,
594 2800 613 2824 1.
633 2807 689 2832 9-p.
709 2806 750 2833 54,
771 2801 788 2825 1.
811 2808 848 2825 ιο.
1325 2801 1335 2818 ⁹
1355 2803 1399 2828 Cf.
1420 2804 1445 2828 la
1465 2806 1594 2836 presente
1613 2804 1750 2833 edizione,
1772 2811 1799 2835 p.
1821 2810 1859 2832 η,
1881 2804 1899 2828 1.
1923 2811 1975 2835 1-p.
1998 2810 2036 2835 13,
2057 2804 2075 2827 l.
2096 2809 2120 2835 5.

388 2839 399 2855 ‘³
417 2841 467 2872 Id.,
489 2849 513 2872 p.
535 2848 575 2872 54,
596 2842 626 2866 11.
649 2842 735 2874 16—17.
1325 2843 1347 2860 ¹⁰
1364 2845 1413 2873 Id.,
1434 2853 1458 2876 p.
1483 2845 1520 2875 18,
1542 2845 1573 2869 ll.
1593 2852 1646 2877 3·4.

389 2881 399 2897 7
419 2883 586 2914 Eaznman,
605 2888 645 2914 op.
665 2885 718 2915 cic„
737 2892 783 2917 pp.
804 2884 891 2916 760-6.
930 2886 1065 2918 L’lpotesi
1087 2886 1136 2910 che
1163 2887 1182 2910 il

302 2923 438 2948 Costanzi
458 2926 480 2948 si
502 2927 543 2949 sia
563 2926 669 2950 servito
691 2933 767 2950 come
788 2927 913 2951 modello
934 2927 961 2951 di
986 2935 1021 2951 un
1049 2930 1122 2951 testo
1142 2928 1183 2951 di-

1326 2885 1345 2901 ¹¹
1365 2887 1413 2915 Id.,
1433 2895 1460 2918 p.
1482 2886 1521 2917 18,
1541 2886 1558 2911 l.
1580 2886 1602 2911 8.

1327 2926 1348 2943 ¹²
1367 2928 1418 2957 Id.,
1438 2936 1465 2960 p.
1487 2935 1527 2959 ²9·
1547 2929 1565 2953 1.
1584 2936 1608 2960 3.

2162 895 2201 925 10

2164 1218 2201 1250 15

2163 1466 2203 1497 20

2163 1749 2201 1781 25

2162 2070 2204 2101 30

2160 2461 2200 2491 35

2152 2683 2184 2701 10

2149 2892 2180 2918 15
